Date,Counter Party,Reference,Type,Amount (GBP),Balance (GBP),Spending Category,Notes
01/01/2024,Starling Bank,December Interest Earned,DEPOSIT INTEREST,13.59,5740.13,INCOME,
01/01/2024,Pristine Gardenz Ltd,3997,FASTER PAYMENT,-283.50,5456.63,PAYMENTS,
01/01/2024,Curve,CRV*VITL +441249477019,ONLINE PAYMENT,-7.45,5449.18,GROCERIES,
01/01/2024,Curve,CRV*VITL +441249477019,ONLINE PAYMENT,-14.95,5434.23,GROCERIES,
01/01/2024,Places Leisure,PLACES LEISURE,ONLINE PAYMENT,-21.70,5412.53,LIFESTYLE,
01/01/2024,Tesco,TESCO STORES 2675,GOOGLE PAY,-124.56,5287.97,GROCERIES,
01/01/2024,The Triangle,THE TRIANGLE,GOOGLE PAY,-11.60,5276.37,EATING_OUT,
01/01/2024,Okaidi France,OKAIDI FRANCE         ,APPLE PAY,-128.36,5148.01,GENERAL,
01/01/2024,Decathlon Angers,DECATHLON ANGERS      ,GOOGLE PAY,-155.16,4992.85,LIFESTYLE,
01/01/2024,Kiwico Inc.,"KiwiCo, Inc.",CARD SUBSCRIPTION,-40.50,4952.35,BILLS_AND_SERVICES,
02/01/2024,Horsham District Council,12873556,DIRECT DEBIT,-329.00,4623.35,TRANSPORT,
02/01/2024,Napo,MW43CMW,DIRECT DEBIT,-59.68,4563.67,GENERAL,
02/01/2024,Nintendo ,Nintendo CB1126142499,ONLINE PAYMENT,-2.36,4561.31,SHOPPING,
02/01/2024,Dunelm Softfurnishings,Dunelm SoftFurnishings,ONLINE PAYMENT,-114.00,4447.31,GENERAL,
02/01/2024,BT,GB26676055,DIRECT DEBIT,-71.05,4376.26,BILLS_AND_SERVICES,
02/01/2024,Bps Re Peoplesfundraising,1698316166225,DIRECT DEBIT,-10.00,4366.26,GENERAL,
02/01/2024,Napo,MW43CMW,DIRECT DEBIT,-60.49,4305.77,GENERAL,
02/01/2024,Napo,MW43CMW,DIRECT DEBIT,-33.75,4272.02,GENERAL,
02/01/2024,Alis Autoroute,ALIS AUTOROUTE,APPLE PAY,-38.30,4233.72,TRANSPORT,
02/01/2024,Burgess Hill School For Girls Com,COU001,DIRECT DEBIT,-854.52,3379.20,NONE,
02/01/2024,The Triangle,THE TRIANGLE,GOOGLE PAY,-30.65,3348.55,EATING_OUT,
02/01/2024,The Triangle,THE TRIANGLE,APPLE PAY,-4.25,3344.30,EATING_OUT,
02/01/2024,Amazon Marketplace,AMZNMktplace,ONLINE PAYMENT,-21.99,3322.31,SHOPPING,
02/01/2024,Fresha Uk,Endless Hair Creations,CARD SUBSCRIPTION,-15.00,3307.31,ENTERTAINMENT,
03/01/2024,Scott Chapman,SQ *SCOTT CHAPMAN,GOOGLE PAY,-9.20,3298.11,TRANSPORT,
03/01/2024,Amazon Eu,Amazon.co.uk*3E04Q2S65,ONLINE PAYMENT,-47.26,3250.85,SHOPPING,
03/01/2024,Amazon Marketplace,AMZNMktplace,ONLINE PAYMENT,-122.37,3128.48,SHOPPING,
03/01/2024,Sanef,SANEF                 ,GOOGLE PAY,-7.75,3120.73,TRANSPORT,
03/01/2024,Domino's Pizza,Domino s Pizza,APPLE PAY,-40.46,3080.27,EATING_OUT,
03/01/2024,Benjamin Pollock's,SQ *BENJAMIN POLLOCK'S,GOOGLE PAY,-25.00,3055.27,GROCERIES,
03/01/2024,Venchi Uk,Venchi UK,GOOGLE PAY,-5.10,3050.17,GROCERIES,
04/01/2024,La Ballerina,La Ballerina,GOOGLE PAY,-55.97,2994.20,EATING_OUT,
04/01/2024,Twdc Lion King Merchan,TWDC LION KING MERCHAN,GOOGLE PAY,-127.50,2866.70,ENTERTAINMENT,
04/01/2024,Lyceum Theatre,LYCEUM THEATRE,APPLE PAY,-16.90,2849.80,EATING_OUT,
04/01/2024,Boots,BOOTS 2173,GOOGLE PAY,-4.07,2845.73,GENERAL,
04/01/2024,Lyceum Theatre,LYCEUM THEATRE,GOOGLE PAY,-3.90,2841.83,ENTERTAINMENT,
04/01/2024,Lyceum Theatre,LYCEUM THEATRE,APPLE PAY,-6.00,2835.83,ENTERTAINMENT,
04/01/2024,Zara,ZARA COVENT GARDEN,GOOGLE PAY,-33.98,2801.85,SHOPPING,
04/01/2024,Nathan Earl St,Zettle_*Nathan Earl St,GOOGLE PAY,-10.00,2791.85,LIFESTYLE,
04/01/2024,WH Smith,WH Smith Victoria,CONTACTLESS,-2.89,2788.96,SHOPPING,
04/01/2024,Cabvision Network Limi,LICENSED TAXI,GOOGLE PAY,-14.60,2774.36,TRANSPORT,
04/01/2024,Gtr Parking Connect Ec,GTR PARKING CONNECT EC,APPLE PAY,-10.40,2763.96,TRANSPORT,
04/01/2024,TfL,TFL TRAVEL CH,APPLE PAY,-2.70,2761.26,TRANSPORT,
04/01/2024,Amazon Marketplace,AMZNMktplace,ONLINE PAYMENT,-36.82,2724.44,SHOPPING,
05/01/2024,GoCardless,VBDANCE-M8ZB6MFG35,DIRECT DEBIT,-19.58,2704.86,PAYMENTS,
05/01/2024,Southern Railway,ON TRACK - SOUTHERN RA,CARD SUBSCRIPTION,-17.60,2687.26,TRANSPORT,
05/01/2024,Amazon Marketplace,AMZNMktplace,ONLINE PAYMENT,-9.99,2677.27,SHOPPING,
05/01/2024,Tesco,TESCO STORES 2163,GOOGLE PAY,-96.68,2580.59,GROCERIES,
05/01/2024,Csc Pcn,CSC PCN,ONLINE PAYMENT,-60.00,2520.59,TRANSPORT,
05/01/2024,Stagecoach Haywards Heath,HAY10/03532,FASTER PAYMENT,-174.00,2346.59,CHILDREN,
06/01/2024,Places Leisure,PLACES LEISURE,ONLINE PAYMENT,-5.60,2340.99,LIFESTYLE,
06/01/2024,The Triangle,THE TRIANGLE,APPLE PAY,-11.75,2329.24,EATING_OUT,
06/01/2024,Sp Theoddpods,SP THEODDPODS,CARD SUBSCRIPTION,-22.39,2306.85,GROCERIES,
06/01/2024,Starbucks,STARBUCKS HICKSTEAD,GOOGLE PAY,-4.15,2302.70,EATING_OUT,
07/01/2024,Hart Country Li,HART COUNTRY STORES LI,GOOGLE PAY,-3.60,2299.10,GROCERIES,
07/01/2024,Sainsbury's,SAINSBURYS S/MKTS,GOOGLE PAY,-27.97,2271.13,GROCERIES,
07/01/2024,Curve,CRV*APPLE.COM BILL 080,ONLINE PAYMENT,-9.99,2261.14,SHOPPING,
07/01/2024,Amazon Marketplace,AMZNMktplace,ONLINE PAYMENT,-30.79,2230.35,SHOPPING,
07/01/2024,eBay,eBay O*18-11015-54271,ONLINE PAYMENT,-21.50,2208.85,SHOPPING,
07/01/2024,eBay,eBay O*24-11025-93657,ONLINE PAYMENT,-17.08,2191.77,SHOPPING,
08/01/2024,Places Leisure,PLACES LEISURE,ONLINE PAYMENT,-11.25,2180.52,LIFESTYLE,
08/01/2024,The Triangle,THE TRIANGLE,APPLE PAY,-14.05,2166.47,EATING_OUT,
08/01/2024,The Triangle,THE TRIANGLE,GOOGLE PAY,-3.65,2162.82,EATING_OUT,
08/01/2024,The Triangle,THE TRIANGLE,APPLE PAY,-8.55,2154.27,EATING_OUT,
08/01/2024,The Triangle,THE TRIANGLE,GOOGLE PAY,-17.35,2136.92,EATING_OUT,
08/01/2024,Amazon Marketplace,AMZNMktplace,ONLINE PAYMENT,-83.96,2052.96,SHOPPING,
08/01/2024,Ocado,OCADO                 ,ONLINE PAYMENT,-124.47,1928.49,GROCERIES,
08/01/2024,Amazon Marketplace,AMZNMktplace,ONLINE PAYMENT,-84.81,1843.68,SHOPPING,
08/01/2024,The Fold,SQ *THE FOLD,GOOGLE PAY,-3.50,1840.18,EATING_OUT,
09/01/2024,Hawth Gymnastics,HAWTH GYMNASTICS,ONLINE PAYMENT,-35.50,1804.68,SHOPPING,
09/01/2024,Sustainaclean,SUSTAINACLEAN,ONLINE PAYMENT,-84.00,1720.68,BILLS_AND_SERVICES,
09/01/2024,Amazon,amazon.co.uk*RM5E36Y15,ONLINE PAYMENT,-7.85,1712.83,SHOPPING,
09/01/2024,Amazon,amazon.co.uk*8M9GX73X5,ONLINE PAYMENT,-3.99,1708.84,SHOPPING,
09/01/2024,Amazon,AMZNMKTPLACE,ONLINE PAYMENT,-44.99,1663.85,SHOPPING,
09/01/2024,Amazon Eu,Amazon.co.uk*463UO68L5,ONLINE PAYMENT,-38.85,1625.00,SHOPPING,
09/01/2024,Barracudas Activity Ho,BARRACUDAS ACTIVITY HO,ONLINE PAYMENT,-150.99,1474.01,LIFESTYLE,
09/01/2024,Katkin Club,KATKIN CLUB,CARD SUBSCRIPTION,-19.00,1455.01,GENERAL,
09/01/2024,LEES J A,Topup,FASTER PAYMENT,2000.00,3455.01,INCOME,
10/01/2024,Amazon,amazon.co.uk*GU7MD43H5,ONLINE PAYMENT,-7.98,3447.03,SHOPPING,
10/01/2024,Cash Machine,E00853100000000,ATM,-100.00,3347.03,PAYMENTS,
10/01/2024,Macmillan Mighty Hikes Internet,MACMILLAN MIGHTY HIKES,ONLINE PAYMENT,-20.00,3327.03,GENERAL,
10/01/2024,Amazon,AMZNMKTPLACE,ONLINE PAYMENT,-23.47,3303.56,SHOPPING,
10/01/2024,Shell,SHELL CRESSEX,APPLE PAY,-53.14,3250.42,FUEL,
10/01/2024,Five Guys High Wycombe,FIVE GUYS HIGH WYCOMBE,APPLE PAY,-22.85,3227.57,EATING_OUT,
10/01/2024,Coffee Zone Burgess,COFFEE ZONE BURGESS H,GOOGLE PAY,-2.90,3224.67,EATING_OUT,
10/01/2024,Amazon Marketplace,AMZNMktplace,ONLINE PAYMENT,-16.78,3207.89,SHOPPING,
10/01/2024,Amazon Marketplace,AMZNMktplace,ONLINE PAYMENT,-7.99,3199.90,SHOPPING,
11/01/2024,Sp Science Museum,SP SCIENCE MUSEUM,ONLINE PAYMENT,-80.00,3119.90,SHOPPING,
11/01/2024,Somerset House Trust,Somerset House Trust,ONLINE PAYMENT,-40.00,3079.90,GENERAL,
11/01/2024,Hamleys St. Pancras,Hamleys St. Pancras,GOOGLE PAY,-17.00,3062.90,SHOPPING,
11/01/2024,Great Ormond Street Ho,Great Ormond Street Ho,GOOGLE PAY,-2.00,3060.90,GENERAL,
11/01/2024,Tesco,TESCO STORES 2163,APPLE PAY,-58.94,3001.96,GROCERIES,
11/01/2024,Gtr Parking Connect Ec,GTR PARKING CONNECT EC,ONLINE PAYMENT,-10.40,2991.56,TRANSPORT,
11/01/2024,Apple App Store,APPLE.COM/BILL,CARD SUBSCRIPTION,-12.99,2978.57,ENTERTAINMENT,
11/01/2024,Pumpkin Cafe,PUMPKIN CAFE,GOOGLE PAY,-3.75,2974.82,GROCERIES,
11/01/2024,TfL,TFL TRAVEL CH,GOOGLE PAY,-5.40,2969.42,TRANSPORT,
11/01/2024,Schoolblazer,SCHOOLBLAZER LTD,ONLINE PAYMENT,-67.99,2901.43,SHOPPING,
12/01/2024,Ups Power Services,UPS POWER SERVICES,ONLINE PAYMENT,-283.13,2618.30,BILLS_AND_SERVICES,
12/01/2024,Boots,BOOTS 1465,GOOGLE PAY,-36.00,2582.30,GENERAL,
12/01/2024,Costa Coffee,COSTA                 ,GOOGLE PAY,-3.80,2578.50,EATING_OUT,
12/01/2024,Co-op Food,CO-OP GROUP FOOD,APPLE PAY,-14.40,2564.10,GROCERIES,
12/01/2024,Waitrose,WAITROSE 123,GOOGLE PAY,-53.78,2510.32,GROCERIES,
12/01/2024,Smol,SMOL LIMITED,CARD SUBSCRIPTION,-5.80,2504.52,SHOPPING,
12/01/2024,Grind,GRIND & CO,CARD SUBSCRIPTION,-13.50,2491.02,EATING_OUT,
12/01/2024,Sustainaclean,SUSTAINACLEAN,ONLINE PAYMENT,-63.00,2428.02,BILLS_AND_SERVICES,
13/01/2024,Amazon Marketplace,AMZNMktplace,ONLINE PAYMENT,-54.91,2373.11,SHOPPING,
13/01/2024,giffgaff,giffgaff,CARD SUBSCRIPTION,-10.00,2363.11,BILLS_AND_SERVICES,
13/01/2024,Fresha Uk,Endless Hair Creations,CARD SUBSCRIPTION,-127.00,2236.11,ENTERTAINMENT,
13/01/2024,Sumup *rosie S Brews,SumUp  *Rosie s Brews,GOOGLE PAY,-3.00,2233.11,GROCERIES,
13/01/2024,Amazon,AMZNMKTPLACE,ONLINE PAYMENT,-14.94,2218.17,SHOPPING,
13/01/2024,Twinpay,TWINPAY               ,APPLE PAY,-1.00,2217.17,TRANSPORT,
13/01/2024,Greggs,GREGGS PLC,APPLE PAY,-3.70,2213.47,EATING_OUT,
13/01/2024,Burgess Hill,Pets Corner S132,APPLE PAY,-12.99,2200.48,GENERAL,
13/01/2024,Caffè Nero,CAFFE NERO BURGESS HIL,GOOGLE PAY,-3.35,2197.13,EATING_OUT,
14/01/2024,Amazon Eu,Amazon.co.uk*3G6RU06C5,ONLINE PAYMENT,-11.03,2186.10,SHOPPING,
14/01/2024,Amazon Marketplace,AMZNMktplace,ONLINE PAYMENT,-69.24,2116.86,SHOPPING,
14/01/2024,Smol,SMOL LIMITED,CARD SUBSCRIPTION,-6.30,2110.56,SHOPPING,
14/01/2024,Waitrose,WAITROSE 123,GOOGLE PAY,-10.05,2100.51,GROCERIES,
15/01/2024,Places For People Leisure ,54425808A,DIRECT DEBIT,-79.00,2021.51,GENERAL,
15/01/2024,Bps Re Easy Direct Debits,MND005WZKJFMKN,DIRECT DEBIT,-23.00,1998.51,GENERAL,
15/01/2024,Amazon Eu,Amazon.co.uk*XY2SM0OI5,ONLINE PAYMENT,-62.07,1936.44,SHOPPING,
15/01/2024,Amazon Eu,Amazon.co.uk,ONLINE PAYMENT,38.85,1975.29,SHOPPING,
15/01/2024,Amazon Marketplace,AMZNMktplace,ONLINE PAYMENT,-65.46,1909.83,SHOPPING,
15/01/2024,giffgaff,giffgaff,CARD SUBSCRIPTION,-20.00,1889.83,BILLS_AND_SERVICES,
15/01/2024,The Triangle,THE TRIANGLE,GOOGLE PAY,-32.80,1857.03,EATING_OUT,
15/01/2024,The Triangle,THE TRIANGLE,GOOGLE PAY,-8.00,1849.03,EATING_OUT,
15/01/2024,Ocado,OCADO                 ,ONLINE PAYMENT,-113.78,1735.25,GROCERIES,
15/01/2024,Co-op Food,CO-OP GROUP FOOD,APPLE PAY,-13.30,1721.95,GROCERIES,
15/01/2024,Amazon Marketplace,AMZNMktplace,ONLINE PAYMENT,-11.99,1709.96,SHOPPING,
16/01/2024,Amazon Eu,Amazon.co.uk*A68SD97N5,ONLINE PAYMENT,-35.87,1674.09,SHOPPING,
16/01/2024,Amazon,amazon.co.uk*AF1SS4A65,ONLINE PAYMENT,-4.53,1669.56,SHOPPING,
16/01/2024,Amazon Marketplace,AMZNMktplace,ONLINE PAYMENT,-28.79,1640.77,SHOPPING,
16/01/2024,Places Leisure,PLACES LEISURE,ONLINE PAYMENT,-11.25,1629.52,LIFESTYLE,
16/01/2024,Amazon,AMZNMKTPLACE,ONLINE PAYMENT,-17.58,1611.94,SHOPPING,
16/01/2024,Twinpay,TWINPAY               ,APPLE PAY,-1.00,1610.94,TRANSPORT,
16/01/2024,Waitrose,WAITROSE 123,APPLE PAY,-14.97,1595.97,GROCERIES,
16/01/2024,Ultimate Activity,ULTIMATE ACTIVITY,ONLINE PAYMENT,-247.00,1348.97,LIFESTYLE,
17/01/2024,Sustainaclean,SUSTAINACLEAN,ONLINE PAYMENT,-63.00,1285.97,BILLS_AND_SERVICES,
17/01/2024,Miele,Miele Company Limited,ONLINE PAYMENT,-63.10,1222.87,GENERAL,
17/01/2024,McDonald's,MCDONALDS,APPLE PAY,-16.28,1206.59,EATING_OUT,
17/01/2024,Amazon Marketplace,AMZNMktplace,ONLINE PAYMENT,-42.70,1163.89,SHOPPING,
18/01/2024,Dolphin Ladies Swimming Club,JennieLees,FASTER PAYMENT,-48.00,1115.89,PAYMENTS,
18/01/2024,Waitrose,WAITROSE,GOOGLE PAY,-4.00,1111.89,GROCERIES,
18/01/2024,Amazon Eu,Amazon.co.uk*RV7YO3QI5,ONLINE PAYMENT,-6.99,1104.90,SHOPPING,
19/01/2024,Apple App Store,APPLE.COM/BILL,CARD SUBSCRIPTION,-8.99,1095.91,ENTERTAINMENT,
20/01/2024,Sustainaclean,SUSTAINACLEAN,ONLINE PAYMENT,-42.00,1053.91,BILLS_AND_SERVICES,
20/01/2024,Amazon Marketplace,AMZNMktplace,ONLINE PAYMENT,-29.07,1024.84,SHOPPING,
20/01/2024,Places Leisure,PLACES LEISURE,ONLINE PAYMENT,-13.35,1011.49,LIFESTYLE,
20/01/2024,The Triangle,THE TRIANGLE,GOOGLE PAY,-3.65,1007.84,EATING_OUT,
20/01/2024,The Triangle,THE TRIANGLE,APPLE PAY,-6.85,1000.99,EATING_OUT,
20/01/2024,LEES J A,Payday ish,FASTER PAYMENT,7000.00,8000.99,INCOME,
21/01/2024,Google,GOOGLE *YouTubePremium,ONLINE PAYMENT,-18.16,7982.83,SHOPPING,
21/01/2024,Tom S Food,TOM S FOOD,GOOGLE PAY,-6.40,7976.43,GROCERIES,
21/01/2024,Non-Stop Dogwear,Non-stop dogwear,ONLINE PAYMENT,-68.99,7907.44,GENERAL,
21/01/2024,Butterfly Gardens,SQ *BUTTERFLY GARDENS ,GOOGLE PAY,-5.00,7902.44,GROCERIES,
21/01/2024,Butterfly Gardens,SQ *BUTTERFLY GARDENS ,ONLINE PAYMENT,-14.50,7887.94,GROCERIES,
21/01/2024,Prime Video,Prime Video *6V8L84ZU5,ONLINE PAYMENT,-12.99,7874.95,LIFESTYLE,
21/01/2024,Pizza Express,PIZZA EXPRESS,APPLE PAY,-71.65,7803.30,EATING_OUT,
22/01/2024,Barclays Partner Finance,300 0120 733039747,DIRECT DEBIT,-49.95,7753.35,BILLS_AND_SERVICES,
22/01/2024,Bps Re Easy Direct Debits,MND005WZKJFMKN,DIRECT DEBIT,-23.00,7730.35,GENERAL,
22/01/2024,The Triangle,THE TRIANGLE,APPLE PAY,-27.65,7702.70,EATING_OUT,
22/01/2024,Amazon Eu,Amazon.co.uk*Z56535LD5,ONLINE PAYMENT,-4.99,7697.71,SHOPPING,
22/01/2024,Ocado,OCADO                 ,ONLINE PAYMENT,-169.10,7528.61,GROCERIES,
22/01/2024,Battersea Dogs & Cats,CHARITY               ,ONLINE PAYMENT,-37.00,7491.61,GENERAL,
23/01/2024,Pied Piper Activities Hove,PIED PIPER ACTIVITIES,ONLINE PAYMENT,-150.00,7341.61,ENTERTAINMENT,
23/01/2024,Amazon Eu,Amazon.co.uk*ER0RO85I5,ONLINE PAYMENT,-22.49,7319.12,SHOPPING,
23/01/2024,Amazon,AMZNMKTPLACE,ONLINE PAYMENT,-11.89,7307.23,SHOPPING,
23/01/2024,Costa Coffee,COSTA                 ,GOOGLE PAY,-3.80,7303.43,EATING_OUT,
23/01/2024,Waitrose,WAITROSE 123,GOOGLE PAY,-19.04,7284.39,GROCERIES,
23/01/2024,McDonald's,MCDONALDS,APPLE PAY,-16.28,7268.11,EATING_OUT,
23/01/2024,Tails,TAILS.COM,CARD SUBSCRIPTION,-237.51,7030.60,GROCERIES,
24/01/2024,Sustainaclean,SUSTAINACLEAN,ONLINE PAYMENT,-84.00,6946.60,BILLS_AND_SERVICES,
24/01/2024,Amazon Marketplace,AMZNMktplace,ONLINE PAYMENT,-77.27,6869.33,SHOPPING,
24/01/2024,Nature Nurture Sussex,inv-0438 Onyxia,FASTER PAYMENT,-85.00,6784.33,PAYMENTS,
25/01/2024,Amazon Marketplace,AMZNMktplace,ONLINE PAYMENT,-7.99,6776.34,SHOPPING,
25/01/2024,Twinpay,TWINPAY               ,APPLE PAY,-1.00,6775.34,TRANSPORT,
25/01/2024,Petite Fairytale Bouti,PETITE FAIRYTALE BOUTI,CARD PAYMENT,-20.00,6755.34,LIFESTYLE,
25/01/2024,Burgess Hill,Pets Corner S132,APPLE PAY,-52.97,6702.37,GENERAL,
25/01/2024,Netflix,Netflix,CARD SUBSCRIPTION,-17.99,6684.38,BILLS_AND_SERVICES,
26/01/2024,Amazon,AMAZON* 204-9751375-82,ONLINE PAYMENT,-59.79,6624.59,SHOPPING,
26/01/2024,Nando's,NANDOS.CO.UK,APPLE PAY,-20.45,6604.14,EATING_OUT,
27/01/2024,Sustainaclean,SUSTAINACLEAN,ONLINE PAYMENT,-42.00,6562.14,BILLS_AND_SERVICES,
27/01/2024,Places Leisure,PLACES LEISURE,CARD PAYMENT,-3.00,6559.14,LIFESTYLE,
27/01/2024,The Triangle,THE TRIANGLE,APPLE PAY,-12.00,6547.14,LIFESTYLE,
27/01/2024,Amazon,AMAZON* 204-4997801-52,ONLINE PAYMENT,-37.98,6509.16,SHOPPING,
27/01/2024,The Triangle,THE TRIANGLE,APPLE PAY,-4.05,6505.11,EATING_OUT,
27/01/2024,The Triangle,THE TRIANGLE,GOOGLE PAY,-12.50,6492.61,EATING_OUT,
27/01/2024,The Triangle,THE TRIANGLE,GOOGLE PAY,-6.60,6486.01,EATING_OUT,
28/01/2024,Tom S Food,TOM S FOOD,APPLE PAY,-18.70,6467.31,GROCERIES,
28/01/2024,Tom S Food,TOM S FOOD,GOOGLE PAY,-3.50,6463.81,GROCERIES,
28/01/2024,Toy Barnhaus Horsham,Toy Barnhaus Horsham,APPLE PAY,-19.98,6443.83,SHOPPING,
28/01/2024,Sumup *jack And Jakes,SumUp  *Jack and Jakes,GOOGLE PAY,-13.00,6430.83,SHOPPING,
28/01/2024,Next,JOJO  NEXT TP,ONLINE PAYMENT,-17.00,6413.83,SHOPPING,
28/01/2024,Smiggle,SMIGGLE,GOOGLE PAY,-34.20,6379.63,BILLS_AND_SERVICES,
28/01/2024,Jojo - Horsham,JOJO - HORSHAM,GOOGLE PAY,-30.00,6349.63,SHOPPING,
28/01/2024,Boots,"BOOTS,HORSHAM",GOOGLE PAY,-87.49,6262.14,GENERAL,
28/01/2024,Waterstones,WATERSTONES,GOOGLE PAY,-18.98,6243.16,LIFESTYLE,
28/01/2024,Cards Direct Horsham,CARDS DIRECT HORSHAM  ,GOOGLE PAY,-4.27,6238.89,GENERAL,
28/01/2024,Bon Vivant,Zettle_*BON VIVANT LTD,APPLE PAY,-12.70,6226.19,EATING_OUT,
28/01/2024,Sports Direct,SPORTSDIRECT 444,APPLE PAY,-7.50,6218.69,SHOPPING,
28/01/2024,Marks & Spencer,MARKS&SPENCER PLC,GOOGLE PAY,-29.50,6189.19,GROCERIES,
28/01/2024,Amazon Marketplace,AMZNMktplace,ONLINE PAYMENT,-21.99,6167.20,SHOPPING,
28/01/2024,Fun Pots,FUN POTS LTD,ONLINE PAYMENT,-15.00,6152.20,GENERAL,
28/01/2024,Four Seasons Fuel Ltd,Coura001,FASTER PAYMENT,-422.24,5729.96,PAYMENTS,
29/01/2024,Octopus Energy,A-E501D93A-002,DIRECT DEBIT,-570.96,5159.00,BILLS_AND_SERVICES,
29/01/2024,BT,GB26676055,DIRECT DEBIT,-71.05,5087.95,BILLS_AND_SERVICES,
29/01/2024,Leonardslee Lake & Gar,Leonardslee Lake & Gar,GOOGLE PAY,-3.00,5084.95,EATING_OUT,
29/01/2024,Amazon Eu,Amazon.co.uk*MX7JQ5E75,ONLINE PAYMENT,-80.00,5004.95,SHOPPING,
29/01/2024,The Triangle,THE TRIANGLE,APPLE PAY,-21.40,4983.55,EATING_OUT,
29/01/2024,Ocado,OCADO                 ,ONLINE PAYMENT,-186.94,4796.61,GROCERIES,
29/01/2024,Channel 4,CHANNEL 4,CARD SUBSCRIPTION,-3.99,4792.62,BILLS_AND_SERVICES,
29/01/2024,Fun Pots,FUN POTS LTD,APPLE PAY,-96.90,4695.72,LIFESTYLE,
30/01/2024,Smol,SMOL LIMITED,CARD SUBSCRIPTION,-5.80,4689.92,SHOPPING,
30/01/2024,Sustainaclean,SUSTAINACLEAN,ONLINE PAYMENT,-42.00,4647.92,BILLS_AND_SERVICES,
31/01/2024,Apple App Store,APPLE.COM/BILL,CARD SUBSCRIPTION,-8.99,4638.93,ENTERTAINMENT,
31/01/2024,Costa Coffee,COSTA                 ,GOOGLE PAY,-3.80,4635.13,EATING_OUT,
31/01/2024,Waitrose,WAITROSE 123,GOOGLE PAY,-25.11,4610.02,GROCERIES,
31/01/2024,LEES J A,Topup,FASTER PAYMENT,2000.00,6610.02,INCOME,
01/02/2024,Starling Bank,January Interest Earned,DEPOSIT INTEREST,9.16,6619.18,INCOME,
01/02/2024,Napo,MW43CMW,DIRECT DEBIT,-33.75,6585.43,GENERAL,
01/02/2024,Railway Garage,RAILWAY GARAGE LTD    ,APPLE PAY,-125.96,6459.47,GENERAL,
01/02/2024,Pristine Gardenz Ltd,3997,FASTER PAYMENT,-283.50,6175.97,PAYMENTS,
01/02/2024,Amazon,AMAZON* 204-8194658-98,ONLINE PAYMENT,-8.54,6167.43,SHOPPING,
01/02/2024,Amazon,AMAZON* 204-9567794-60,ONLINE PAYMENT,-19.89,6147.54,SHOPPING,
01/02/2024,Amazon Marketplace,AMZNMktplace,ONLINE PAYMENT,-9.99,6137.55,SHOPPING,
01/02/2024,Horsham District Council,12873556,DIRECT DEBIT,-329.00,5808.55,TRANSPORT,
01/02/2024,PQA Academy,HAYW353036,DIRECT DEBIT,-69.00,5739.55,GENERAL,
01/02/2024,Napo,MW43CMW,DIRECT DEBIT,-60.49,5679.06,GENERAL,
01/02/2024,Napo,MW43CMW,DIRECT DEBIT,-59.68,5619.38,GENERAL,
01/02/2024,Bps Re Peoplesfundraising,1698316166225,DIRECT DEBIT,-10.00,5609.38,GENERAL,
01/02/2024,Burgess Hill School For Girls Com,COU001,DIRECT DEBIT,-854.24,4755.14,NONE,
01/02/2024,Martin Butler,January ,FASTER PAYMENT,-308.00,4447.14,PETS,
01/02/2024,Kiwico Inc.,"KiwiCo, Inc.",CARD SUBSCRIPTION,-40.61,4406.53,BILLS_AND_SERVICES,
01/02/2024,Amazon,AMAZON* 204-0230276-65,ONLINE PAYMENT,-24.83,4381.70,SHOPPING,
02/02/2024,Amazon,amazon.co.uk*1L6WB9P95,ONLINE PAYMENT,-0.99,4380.71,SHOPPING,
02/02/2024,Sumup *kyros Project,SumUp  *Kyros Project,GOOGLE PAY,-80.00,4300.71,ENTERTAINMENT,
02/02/2024,Places Leisure,PLACES LEISURE,ONLINE PAYMENT,-8.35,4292.36,LIFESTYLE,
02/02/2024,Coffee Zone Burgess,Coffee Zone Burgess H,GOOGLE PAY,-5.10,4287.26,EATING_OUT,
03/02/2024,The Triangle,THE TRIANGLE,GOOGLE PAY,-3.65,4283.61,EATING_OUT,
03/02/2024,The Triangle,THE TRIANGLE,APPLE PAY,-13.60,4270.01,EATING_OUT,
03/02/2024,Latchetts,SQ *LATCHETTS,APPLE PAY,-10.10,4259.91,EATING_OUT,
03/02/2024,Latchetts,SQ *LATCHETTS,GOOGLE PAY,-5.75,4254.16,EATING_OUT,
03/02/2024,Doves Playbarn,SQ *DOVES PLAYBARN,GOOGLE PAY,-1.50,4252.66,LIFESTYLE,
03/02/2024,Doves Playbarn,SQ *DOVES PLAYBARN,GOOGLE PAY,-1.40,4251.26,LIFESTYLE,
04/02/2024,Bp Chargemaster,BP CHARGEMASTER,ONLINE PAYMENT,-5.00,4246.26,GENERAL,
04/02/2024,Starbucks,STARBUCKS,GOOGLE PAY,-4.25,4242.01,EATING_OUT,
04/02/2024,Starbucks,STARBUCKS,APPLE PAY,-13.05,4228.96,EATING_OUT,
04/02/2024,Amazon,AMAZON* 204-6560965-20,ONLINE PAYMENT,-24.99,4203.97,SHOPPING,
04/02/2024,Capitol Theatre,CAPITOL THEATRE,GOOGLE PAY,-3.50,4200.47,BILLS_AND_SERVICES,
05/02/2024,GoCardless,VBDANCE-M8ZB6MFG35,DIRECT DEBIT,-19.58,4180.89,PAYMENTS,
05/02/2024,Boots,BOOTS 2253,GOOGLE PAY,-1.65,4179.24,GENERAL,
05/02/2024,Places Leisure,PLACES LEISURE,ONLINE PAYMENT,-8.35,4170.89,LIFESTYLE,
05/02/2024,The Triangle,THE TRIANGLE,APPLE PAY,-4.05,4166.84,EATING_OUT,
05/02/2024,WH Smith,WH Smith Heathrow T3,GOOGLE PAY,-16.65,4150.19,SHOPPING,
05/02/2024,Ocado,OCADO                 ,ONLINE PAYMENT,-90.18,4060.01,GROCERIES,
05/02/2024,Cineworld,CINEWORLD             ,ONLINE PAYMENT,-23.88,4036.13,ENTERTAINMENT,
05/02/2024,McDonald's,MCDONALDS,APPLE PAY,-10.88,4025.25,EATING_OUT,
05/02/2024,Virgin Atlantic Pac Gb,VIRGIN ATLANTIC PAC GB,ONLINE PAYMENT,-29.99,3995.26,BILLS_AND_SERVICES,
06/02/2024,Justgiving,JustGiving MarineConse,ONLINE PAYMENT,-16.50,3978.76,GENERAL,
06/02/2024,Sustainaclean,SUSTAINACLEAN,ONLINE PAYMENT,-84.00,3894.76,BILLS_AND_SERVICES,
06/02/2024,Capitol Theatre,CAPITOL THEATRE,GOOGLE PAY,-12.95,3881.81,BILLS_AND_SERVICES,
06/02/2024,Cke*ike's Love And San,CKE*IKE'S LOVE AND SAN,GOOGLE PAY,-13.78,3868.03,EATING_OUT,
07/02/2024,Sustainaclean,SUSTAINACLEAN,ONLINE PAYMENT,-84.00,3784.03,BILLS_AND_SERVICES,
07/02/2024,Amazon Eu,Amazon.co.uk*3W11O2F05,ONLINE PAYMENT,-9.43,3774.60,SHOPPING,
07/02/2024,Burger King,BURGER KING HICKSTEAD,APPLE PAY,-11.69,3762.91,EATING_OUT,
08/02/2024,Twinpay,TWINPAY               ,APPLE PAY,-1.00,3761.91,TRANSPORT,
08/02/2024,Waitrose,WAITROSE 123,APPLE PAY,-29.19,3732.72,GROCERIES,
09/02/2024,Amazon,amazon.co.uk*534Z91505,ONLINE PAYMENT,-5.99,3726.73,SHOPPING,
09/02/2024,Amazon,amazon.co.uk*YE9OE9525,ONLINE PAYMENT,-4.99,3721.74,SHOPPING,
09/02/2024,Grind,GRIND & CO,CARD SUBSCRIPTION,-13.50,3708.24,EATING_OUT,
10/02/2024,Sustainaclean,SUSTAINACLEAN,ONLINE PAYMENT,-42.00,3666.24,BILLS_AND_SERVICES,
10/02/2024,Places Leisure,PLACES LEISURE,ONLINE PAYMENT,-13.35,3652.89,LIFESTYLE,
10/02/2024,The Triangle,THE TRIANGLE,APPLE PAY,-10.20,3642.69,EATING_OUT,
10/02/2024,The Triangle,THE TRIANGLE,APPLE PAY,-22.00,3620.69,LIFESTYLE,
10/02/2024,Fratello Pizza,Zettle_*Fratello Pizza,APPLE PAY,-20.00,3600.69,EATING_OUT,
10/02/2024,Co-op Food,CO-OP GROUP FOOD,APPLE PAY,-8.75,3591.94,GROCERIES,
10/02/2024,Lush Uk,Lush UK,APPLE PAY,-8.00,3583.94,LIFESTYLE,
11/02/2024,Costa Coffee,COSTA COFFEE 43010410,APPLE PAY,-17.50,3566.44,EATING_OUT,
11/02/2024,Smyths Toys Superstores,SMYTHS TOYS CRAWLEY,APPLE PAY,-74.98,3491.46,SHOPPING,
11/02/2024,Apple App Store,APPLE.COM/BILL,CARD SUBSCRIPTION,-12.99,3478.47,ENTERTAINMENT,
11/02/2024,Caffè Nero,CAFFE NERO HTW T3 LAND,GOOGLE PAY,-4.10,3474.37,EATING_OUT,
11/02/2024,Arora Crawley Retail L,Arora Crawley Retail L,APPLE PAY,-2.50,3471.87,TRANSPORT,
12/02/2024,Places For People Leisure ,54561456A,DIRECT DEBIT,-49.00,3422.87,GENERAL,
12/02/2024,Primark,PRIMARK 685           ,APPLE PAY,-110.50,3312.37,SHOPPING,
12/02/2024,WH Smith,WH Smith Heathrow T3,GOOGLE PAY,-3.19,3309.18,SHOPPING,
12/02/2024,The Triangle,THE TRIANGLE,GOOGLE PAY,-31.00,3278.18,EATING_OUT,
12/02/2024,The Triangle,THE TRIANGLE,APPLE PAY,-16.00,3262.18,LIFESTYLE,
12/02/2024,Ocado,OCADO                 ,ONLINE PAYMENT,-138.97,3123.21,GROCERIES,
13/02/2024,Places For People Leisure ,54425808A,DIRECT DEBIT,-79.00,3044.21,GENERAL,
13/02/2024,Clip N Climb Crawley,Clip N Climb Crawley,ONLINE PAYMENT,-24.50,3019.71,LIFESTYLE,
13/02/2024,Clip N Climb Crawley,Clip N Climb Crawley,GOOGLE PAY,-3.00,3016.71,LIFESTYLE,
13/02/2024,giffgaff,giffgaff,CARD SUBSCRIPTION,-10.00,3006.71,BILLS_AND_SERVICES,
13/02/2024,Horsham Service Statio,HORSHAM SERVICE STATIO,APPLE PAY,-126.67,2880.04,TRANSPORT,
13/02/2024,Waitrose,WAITROSE 580,APPLE PAY,-13.42,2866.62,GROCERIES,
13/02/2024,Everyone Active K2 Cra,EVERYONE ACTIVE,GOOGLE PAY,-11.00,2855.62,LIFESTYLE,
13/02/2024,Everyone Active K2 Cra,EVERYONE ACTIVE,GOOGLE PAY,-1.40,2854.22,LIFESTYLE,
13/02/2024,Everyone Active K2 Cra,EVERYONE ACTIVE,GOOGLE PAY,-3.00,2851.22,LIFESTYLE,
13/02/2024,Sustainaclean,SUSTAINACLEAN,ONLINE PAYMENT,-42.00,2809.22,BILLS_AND_SERVICES,
14/02/2024,Hawthorn Veterinary,HAWTHORN VETERINARY   ,APPLE PAY,-171.12,2638.10,BILLS_AND_SERVICES,
14/02/2024,Esquires Horsham,ESQUIRES HORSHAM      ,GOOGLE PAY,-3.80,2634.30,EATING_OUT,
14/02/2024,Curve,CRV*GOOGLE *Google Sto,ONLINE PAYMENT,-185.30,2449.00,SHOPPING,
14/02/2024,Sainsbury's,SAINSBURYS S/MKTS,GOOGLE PAY,-22.13,2426.87,GROCERIES,
15/02/2024,Bps Re Easy Direct Debits,MND005WZKJFMKN,DIRECT DEBIT,-23.00,2403.87,GENERAL,
15/02/2024,Amazon,AMAZON* 204-7244685-69,ONLINE PAYMENT,-35.45,2368.42,SHOPPING,
15/02/2024,giffgaff,giffgaff,CARD SUBSCRIPTION,-20.00,2348.42,BILLS_AND_SERVICES,
15/02/2024,Hawthorn Veterinary,HAWTHORN VETERINARY   ,APPLE PAY,-21.10,2327.32,BILLS_AND_SERVICES,
15/02/2024,The Little Teahouse So,THE LITTLE TEAHOUSE SO,GOOGLE PAY,-6.60,2320.72,EATING_OUT,
15/02/2024,Waitrose,WAITROSE 580,APPLE PAY,-44.95,2275.77,GROCERIES,
16/02/2024,Sustainaclean,SUSTAINACLEAN,ONLINE PAYMENT,-84.00,2191.77,BILLS_AND_SERVICES,
16/02/2024,Esquires Horsham,ESQUIRES HORSHAM      ,GOOGLE PAY,-3.80,2187.97,EATING_OUT,
16/02/2024,Sainsbury's,SAINSBURYS S/MKTS,GOOGLE PAY,-26.95,2161.02,GROCERIES,
16/02/2024,Somerset House Shop,Somerset House Shop,GOOGLE PAY,-63.14,2097.88,SHOPPING,
17/02/2024,Londontaxidrive,LONDONTAXI* LONDONTAXI,GOOGLE PAY,-15.00,2082.88,TRANSPORT,
17/02/2024,Shake Shack,Shake Shack,APPLE PAY,-65.54,2017.34,EATING_OUT,
17/02/2024,Txw*london Taxi,TXW*London Taxi 68432,GOOGLE PAY,-15.20,2002.14,TRANSPORT,
17/02/2024,London Transport Museum,LT MUSEUM SHOP,GOOGLE PAY,-3.50,1998.64,LIFESTYLE,
17/02/2024,London Transport Museum,LT MUSEUM SHOP,APPLE PAY,-0.25,1998.39,LIFESTYLE,
17/02/2024,London Transport Museum,LT MUSEUM SHOP,APPLE PAY,-16.00,1982.39,LIFESTYLE,
17/02/2024,Gtr Parking Connect Ec,GTR PARKING CONNECT EC,ONLINE PAYMENT,-10.40,1971.99,TRANSPORT,
17/02/2024,Smol,SMOL LIMITED,CARD SUBSCRIPTION,-5.80,1966.19,SHOPPING,
18/02/2024,Southern Railway,ON TRACK - SOUTHERN RA,CARD SUBSCRIPTION,-29.10,1937.09,TRANSPORT,
18/02/2024,Amazon,AMAZON* 204-6188726-33,ONLINE PAYMENT,-8.54,1928.55,SHOPPING,
18/02/2024,Wagamama Group,174,ONLINE PAYMENT,-44.30,1884.25,EATING_OUT,
18/02/2024,Mountain Warehouse,MOUNTAIN WAREHOUSE,APPLE PAY,-118.17,1766.08,SHOPPING,
18/02/2024,Amazon,AMAZON* 204-6565957-17,ONLINE PAYMENT,-7.89,1758.19,SHOPPING,
18/02/2024,Tom S Food,TOM S FOOD,GOOGLE PAY,-11.50,1746.69,GROCERIES,
19/02/2024,The Woolpack Pub,THE WOOLPACK PUB      ,APPLE PAY,-50.90,1695.79,EATING_OUT,
19/02/2024,Ocado,OCADO                 ,ONLINE PAYMENT,-99.52,1596.27,GROCERIES,
19/02/2024,Curve,CRV*APPLE.COM BILL APP,ONLINE PAYMENT,-0.99,1595.28,SHOPPING,
19/02/2024,Apple App Store,APPLE.COM/BILL,CARD SUBSCRIPTION,-8.99,1586.29,ENTERTAINMENT,
20/02/2024,Barclays Partner Finance,300 0120 733039747,DIRECT DEBIT,-49.95,1536.34,BILLS_AND_SERVICES,
20/02/2024,Amazon Marketplace,AMZNMktplace,CARD SUBSCRIPTION,-168.02,1368.32,SHOPPING,
20/02/2024,Co-op Food,CO-OP GROUP FOOD,GOOGLE PAY,-13.65,1354.67,GROCERIES,
20/02/2024,Katkin Club,KATKIN CLUB,CARD SUBSCRIPTION,-19.00,1335.67,GENERAL,
21/02/2024,Google,GOOGLE *YouTubePremium,ONLINE PAYMENT,-18.28,1317.39,SHOPPING,
21/02/2024,Coffee Zone Burgess,COFFEE ZONE BURGESS H,GOOGLE PAY,-2.90,1314.49,EATING_OUT,
22/02/2024,Bps Re Easy Direct Debits,MND005WZKJFMKN,DIRECT DEBIT,-23.00,1291.49,GENERAL,
22/02/2024,Tickets,TICKETS 102887152,ONLINE PAYMENT,-21.50,1269.99,ENTERTAINMENT,
22/02/2024,Amazon,amazon.co.uk*W10068115,ONLINE PAYMENT,-9.99,1260.00,SHOPPING,
22/02/2024,Boots,BOOTS 1465,GOOGLE PAY,-20.89,1239.11,GENERAL,
22/02/2024,Costa Coffee,COSTA                 ,GOOGLE PAY,-3.80,1235.31,EATING_OUT,
22/02/2024,Waitrose,WAITROSE 123,GOOGLE PAY,-22.20,1213.11,GROCERIES,
22/02/2024,Tails,TAILS.COM,CARD SUBSCRIPTION,-237.51,975.60,GROCERIES,
22/02/2024,McDonald's,MCDONALDS,APPLE PAY,-25.86,949.74,EATING_OUT,
22/02/2024,McDonald's,MCDONALDS,GOOGLE PAY,-3.00,946.74,EATING_OUT,
23/02/2024,Curve,CRV*TwinPay Sheffield,ONLINE PAYMENT,-1.00,945.74,TRANSPORT,
23/02/2024,Curve,CRV*TwinPay Sheffield,ONLINE PAYMENT,-1.00,944.74,TRANSPORT,
23/02/2024,Cowfold Medical Group,COWFOLD MEDICAL GROUP,GOOGLE PAY,-9.65,935.09,BILLS_AND_SERVICES,
23/02/2024,The Fold,SQ *THE FOLD,GOOGLE PAY,-6.60,928.49,EATING_OUT,
24/02/2024,Sustainaclean,SUSTAINACLEAN,ONLINE PAYMENT,-42.00,886.49,BILLS_AND_SERVICES,
24/02/2024,LEES J A,Topup,FASTER PAYMENT,1000.00,1886.49,INCOME,
25/02/2024,Amazon,AMAZON* 204-4094060-55,ONLINE PAYMENT,-19.98,1866.51,SHOPPING,
25/02/2024,Amazon,AMAZON* 204-9898049-37,ONLINE PAYMENT,-135.45,1731.06,SHOPPING,
25/02/2024,Pqa,PQA LTD,ONLINE PAYMENT,-31.89,1699.17,BILLS_AND_SERVICES,
25/02/2024,Kids Stuff,Kids Stuff Ltd,APPLE PAY,-36.44,1662.73,SHOPPING,
25/02/2024,Amazon Marketplace,AMZNMktplace,ONLINE PAYMENT,-5.20,1657.53,SHOPPING,
25/02/2024,Clarkes Of Sussex,CLARKES OF SUSSEX     ,GOOGLE PAY,-17.98,1639.55,BILLS_AND_SERVICES,
25/02/2024,Hart Country Li,HART COUNTRY STORES LI,GOOGLE PAY,-3.60,1635.95,GROCERIES,
25/02/2024,Superdrug,SUPERDRUG STORES PLC,GOOGLE PAY,-3.99,1631.96,SHOPPING,
25/02/2024,The Entertainer,THE ENTERTAINER(135),GOOGLE PAY,-41.00,1590.96,SHOPPING,
25/02/2024,The Triangle,THE TRIANGLE,APPLE PAY,-17.15,1573.81,EATING_OUT,
25/02/2024,Waterstones,WATERSTONES,GOOGLE PAY,-8.99,1564.82,LIFESTYLE,
25/02/2024,Netflix,Netflix.com           ,CARD SUBSCRIPTION,-17.99,1546.83,BILLS_AND_SERVICES,
25/02/2024,Burgess Hill,Pets Corner S132,APPLE PAY,-59.05,1487.78,GENERAL,
25/02/2024,The Works,THEWORKS.CO.UK,GOOGLE PAY,-10.50,1477.28,GROCERIES,
26/02/2024,Places For People Leisure ,54578485A,DIRECT DEBIT,-3.00,1474.28,GENERAL,
26/02/2024,The Triangle,THE TRIANGLE,APPLE PAY,-25.10,1449.18,EATING_OUT,
26/02/2024,Amazon,AMAZON* 204-1639854-61,ONLINE PAYMENT,-45.41,1403.77,SHOPPING,
26/02/2024,LEES J A,Payday ish,FASTER PAYMENT,7000.00,8403.77,INCOME,
26/02/2024,Ocado,OCADO                 ,ONLINE PAYMENT,-177.68,8226.09,GROCERIES,
26/02/2024,Twinpay,TWINPAY               ,APPLE PAY,-1.00,8225.09,TRANSPORT,
26/02/2024,John Lewis,WWW.JOHNLEWIS.COM,ONLINE PAYMENT,-179.95,8045.14,SHOPPING,
27/02/2024,Amazon Eu,Amazon.co.uk*1V3RZ3Y65,ONLINE PAYMENT,-14.99,8030.15,SHOPPING,
27/02/2024,Curve,CRV*AMAZON UK RETAIL W,ONLINE PAYMENT,-2.38,8027.77,SHOPPING,
27/02/2024,Curve,CRV*AMAZON UK RETAIL W,ONLINE PAYMENT,-18.05,8009.72,SHOPPING,
27/02/2024,Curve,CRV*AMZNMktplace amazo,ONLINE PAYMENT,-5.40,8004.32,SHOPPING,
27/02/2024,Places Leisure,PLACES LEISURE,ONLINE PAYMENT,-11.25,7993.07,LIFESTYLE,
27/02/2024,Amazon,AMAZON* 204-8090239-79,ONLINE PAYMENT,-5.90,7987.17,SHOPPING,
27/02/2024,Amazon Eu,Amazon.co.uk*EW6YZ9SR5,ONLINE PAYMENT,-22.99,7964.18,SHOPPING,
27/02/2024,Amazon Eu,Amazon.co.uk*VJ2622JV5,ONLINE PAYMENT,-8.39,7955.79,SHOPPING,
27/02/2024,Channel 4,CHANNEL 4,CARD SUBSCRIPTION,-3.99,7951.80,BILLS_AND_SERVICES,
27/02/2024,Nya*westways Vending L,NYA*Westways Vending L,GOOGLE PAY,-1.30,7950.50,GROCERIES,
27/02/2024,Amazon,AMAZON* 204-4439999-79,ONLINE PAYMENT,-4.76,7945.74,SHOPPING,
28/02/2024,Octopus Energy,A-E501D93A-002,DIRECT DEBIT,-300.00,7645.74,BILLS_AND_SERVICES,
28/02/2024,Sustainaclean,SUSTAINACLEAN,ONLINE PAYMENT,-88.00,7557.74,BILLS_AND_SERVICES,
28/02/2024,Coffee Zone Burgess,COFFEE ZONE BURGESS H,GOOGLE PAY,-2.90,7554.84,EATING_OUT,
29/02/2024,BT,GB26676055,DIRECT DEBIT,-71.05,7483.79,BILLS_AND_SERVICES,
29/02/2024,Amazon Eu,Amazon.co.uk*7M3J04F55,ONLINE PAYMENT,-11.89,7471.90,SHOPPING,
29/02/2024,Tesco,TESCO STORES 2163,APPLE PAY,-42.39,7429.51,GROCERIES,
29/02/2024,Amazon,amazon.co.uk*NM0NR1LV5,ONLINE PAYMENT,-7.49,7422.02,SHOPPING,
29/02/2024,Stephen Couratier,Project,TRANSFER,-200.00,7222.02,PAYMENTS,
29/02/2024,Co-op Food,CO-OP GROUP 310424,APPLE PAY,-20.80,7201.22,GROCERIES,
29/02/2024,Martin Butler,February ,FASTER PAYMENT,-211.00,6990.22,PETS,
01/03/2024,Starling Bank,February Interest Earned,DEPOSIT INTEREST,7.80,6998.02,INCOME,
01/03/2024,Apple App Store,APPLE.COM/BILL,CARD SUBSCRIPTION,-8.99,6989.03,ENTERTAINMENT,
01/03/2024,Pristine Gardenz Ltd,3997,FASTER PAYMENT,-283.50,6705.53,PAYMENTS,
01/03/2024,Napo,MW43CMW,DIRECT DEBIT,-60.49,6645.04,GENERAL,
01/03/2024,Horsham District Council,12873556,DIRECT DEBIT,-329.00,6316.04,TRANSPORT,
01/03/2024,Napo,MW43CMW,DIRECT DEBIT,-33.75,6282.29,GENERAL,
01/03/2024,Napo,MW43CMW,DIRECT DEBIT,-59.68,6222.61,GENERAL,
01/03/2024,Burgess Hill School For Girls Com,COU001,DIRECT DEBIT,-854.24,5368.37,NONE,
01/03/2024,PQA Academy,HAYW353036,DIRECT DEBIT,-46.00,5322.37,GENERAL,
01/03/2024,Bps Re Peoplesfundraising,1698316166225,DIRECT DEBIT,-10.00,5312.37,GENERAL,
01/03/2024,Curve,CRV*HORSHAM DISTRICT C,ONLINE PAYMENT,-3.20,5309.17,BILLS_AND_SERVICES,
01/03/2024,Waterstones,WATERSTONES,APPLE PAY,-19.00,5290.17,LIFESTYLE,
01/03/2024,Pret A Manger,PRET A MANGER,APPLE PAY,-20.75,5269.42,EATING_OUT,
01/03/2024,Kiwico Inc.,"KiwiCo, Inc.",CARD SUBSCRIPTION,-40.72,5228.70,BILLS_AND_SERVICES,
02/03/2024,Curve,CRV*TwinPay Sheffield,ONLINE PAYMENT,-1.00,5227.70,TRANSPORT,
02/03/2024,Startriteshoes,WWW.STARTRITESHOES.COM,ONLINE PAYMENT,-64.99,5162.71,SHOPPING,
02/03/2024,Alexander House Hotel,ALEXANDER HOUSE HOTEL ,APPLE PAY,-41.35,5121.36,HOLIDAYS,
02/03/2024,The Triangle,THE TRIANGLE,GOOGLE PAY,-5.85,5115.51,EATING_OUT,
02/03/2024,The Triangle,THE TRIANGLE,APPLE PAY,-14.25,5101.26,EATING_OUT,
02/03/2024,Amazon,AMAZON* 204-1083730-85,ONLINE PAYMENT,-20.00,5081.26,SHOPPING,
02/03/2024,Amazon Eu,Amazon.co.uk*CY2BK7SQ5,ONLINE PAYMENT,-21.75,5059.51,SHOPPING,
02/03/2024,Sp Theoddpods,SP THEODDPODS,CARD SUBSCRIPTION,-22.39,5037.12,GROCERIES,
03/03/2024,Tom S Food,TOM S FOOD,GOOGLE PAY,-14.70,5022.42,GROCERIES,
03/03/2024,Twinklshop,SP TWINKLSHOP,ONLINE PAYMENT,-4.99,5017.43,SHOPPING,
03/03/2024,Amazon,AMAZON* 204-3638932-44,ONLINE PAYMENT,-6.39,5011.04,SHOPPING,
03/03/2024,Amazon,AMAZON* 204-3654924-66,ONLINE PAYMENT,-3.61,5007.43,SHOPPING,
03/03/2024,Amazon,AMAZON* 204-4615507-06,ONLINE PAYMENT,-9.99,4997.44,SHOPPING,
03/03/2024,Amazon,AMAZON* 204-5526277-05,ONLINE PAYMENT,-7.89,4989.55,SHOPPING,
03/03/2024,Amazon Eu,Amazon.co.uk*BM8T006W5,ONLINE PAYMENT,-11.18,4978.37,SHOPPING,
03/03/2024,Amazon Eu,Amazon.co.uk*7706M6CM5,ONLINE PAYMENT,-13.68,4964.69,SHOPPING,
03/03/2024,Amazon,AMAZON* 204-4501397-10,ONLINE PAYMENT,-67.08,4897.61,SHOPPING,
03/03/2024,Nando's,NANDOS.CO.UK,APPLE PAY,-19.70,4877.91,EATING_OUT,
03/03/2024,Charlenes Chocolat,SQ *CHARLENES CHOCOLAT,GOOGLE PAY,-14.47,4863.44,EATING_OUT,
04/03/2024,Amazon,AMAZON* 204-8884131-47,ONLINE PAYMENT,-14.99,4848.45,SHOPPING,
04/03/2024,Toy Barnhaus Worthing,Toy Barnhaus Worthing,GOOGLE PAY,-31.27,4817.18,SHOPPING,
04/03/2024,Wagamama,56,APPLE PAY,-15.60,4801.58,EATING_OUT,
04/03/2024,Wagamama,56,APPLE PAY,-58.20,4743.38,EATING_OUT,
04/03/2024,Nyx*ltduk,NYX*LtdUK,APPLE PAY,-2.00,4741.38,EATING_OUT,
04/03/2024,Nyx*ltduk,NYX*LtdUK,APPLE PAY,-1.80,4739.58,EATING_OUT,
04/03/2024,Horsham Service Statio,HORSHAM SERVICE STATIO,GOOGLE PAY,-56.07,4683.51,TRANSPORT,
04/03/2024,Ocado,OCADO                 ,ONLINE PAYMENT,-173.22,4510.29,GROCERIES,
04/03/2024,Worthing Borough Counc,WORTHING BOROUGH COUNC,GOOGLE PAY,-2.00,4508.29,TRANSPORT,
04/03/2024,Petite Fairytale Bouti,PETITE FAIRYTALE BOUTI,GOOGLE PAY,-140.00,4368.29,LIFESTYLE,
04/03/2024,Petite Fairytale Bouti,PETITE FAIRYTALE BOUTI,GOOGLE PAY,-3.50,4364.79,LIFESTYLE,
04/03/2024,Nya*me Group Internati,NYA*Me Group Internati,GOOGLE PAY,-3.00,4361.79,GROCERIES,
04/03/2024,Amazon Marketplace,AMZNMktplace,ONLINE PAYMENT,-69.98,4291.81,SHOPPING,
05/03/2024,GoCardless,VBDANCE-M8ZB6MFG35,DIRECT DEBIT,-19.56,4272.25,PAYMENTS,
05/03/2024,Amazon,amazon.co.uk*C86W55N05,ONLINE PAYMENT,-10.99,4261.26,SHOPPING,
06/03/2024,Sustainaclean,SUSTAINACLEAN,ONLINE PAYMENT,-88.00,4173.26,BILLS_AND_SERVICES,
06/03/2024,Gtr Parking Connect Ec,GTR PARKING CONNECT EC,ONLINE PAYMENT,-10.40,4162.86,TRANSPORT,
06/03/2024,Amazon Eu,Amazon.co.uk*MU2DJ5675,ONLINE PAYMENT,-9.44,4153.42,SHOPPING,
06/03/2024,Southern Motor Group,SOUTHERN MOTOR GROUP,APPLE PAY,-54.85,4098.57,TRANSPORT,
06/03/2024,Smol,SMOL LIMITED,CARD SUBSCRIPTION,-5.80,4092.77,SHOPPING,
07/03/2024,Amazon Eu,Amazon.co.uk*0D2055KD5,ONLINE PAYMENT,-20.00,4072.77,SHOPPING,
07/03/2024,Stephen Couratier,Od,FASTER PAYMENT,-10.00,4062.77,PAYMENTS,
07/03/2024,Schoolblazer,SCHOOLBLAZER LTD,ONLINE PAYMENT,-18.24,4044.53,SHOPPING,
08/03/2024,Coffee Zone Burgess,COFFEE ZONE BURGESS H,GOOGLE PAY,-2.90,4041.63,EATING_OUT,
08/03/2024,Grind,GRIND & CO,CARD SUBSCRIPTION,-13.50,4028.13,EATING_OUT,
09/03/2024,Amazon,amazon.co.uk*VD0579WJ5,ONLINE PAYMENT,-4.53,4023.60,SHOPPING,
09/03/2024,Great Western Railway,WWW.GWR.COM,ONLINE PAYMENT,-59.85,3963.75,TRANSPORT,
09/03/2024,Curve,CRV*SKIN + ME +4420813,ONLINE PAYMENT,-29.99,3933.76,LIFESTYLE,
09/03/2024,Starbucks,STARBUCKS HICKSTEAD,GOOGLE PAY,-3.05,3930.71,EATING_OUT,
09/03/2024,McDonald's,MCDONALDS,APPLE PAY,-15.92,3914.79,EATING_OUT,
09/03/2024,McDonald's,MCDONALDS,APPLE PAY,-4.38,3910.41,EATING_OUT,
09/03/2024,Jjshouse,jjshouse,ONLINE PAYMENT,-83.99,3826.42,SHOPPING,
10/03/2024,Tom S Food,TOM S FOOD,GOOGLE PAY,-14.40,3812.02,GROCERIES,
10/03/2024,Amazon,AMAZON* 204-9588879-66,ONLINE PAYMENT,-22.00,3790.02,SHOPPING,
10/03/2024,Tickets,TICKETS 103392663,ONLINE PAYMENT,-52.50,3737.52,ENTERTAINMENT,
10/03/2024,John Lewis,JOHN LEWIS HORSHAM,APPLE PAY,-62.00,3675.52,SHOPPING,
10/03/2024,Waitrose,WAITROSE 580,APPLE PAY,-41.37,3634.15,GROCERIES,
10/03/2024,Amazon,amazon.co.uk,CARD SUBSCRIPTION,-9.49,3624.66,SHOPPING,
11/03/2024,Places For People Leisure ,54561456A,DIRECT DEBIT,-49.00,3575.66,GENERAL,
11/03/2024,Amazon,AMAZON* 204-9560847-77,ONLINE PAYMENT,-12.99,3562.67,SHOPPING,
11/03/2024,The Triangle,THE TRIANGLE,APPLE PAY,-2.25,3560.42,EATING_OUT,
11/03/2024,The Triangle,THE TRIANGLE,APPLE PAY,-17.85,3542.57,EATING_OUT,
11/03/2024,Ocado,OCADO                 ,ONLINE PAYMENT,-117.99,3424.58,GROCERIES,
11/03/2024,Apple App Store,APPLE.COM/BILL,CARD SUBSCRIPTION,-12.99,3411.59,ENTERTAINMENT,
12/03/2024,Amazon,amazon.co.uk*GW1LT1F55,ONLINE PAYMENT,-13.00,3398.59,SHOPPING,
13/03/2024,Places For People Leisure ,54425808A,DIRECT DEBIT,-79.00,3319.59,GENERAL,
13/03/2024,Sustainaclean,SUSTAINACLEAN,ONLINE PAYMENT,-88.00,3231.59,BILLS_AND_SERVICES,
13/03/2024,Amazon Eu,Amazon.co.uk*2584L4OS5,ONLINE PAYMENT,-5.99,3225.60,SHOPPING,
13/03/2024,giffgaff,giffgaff,CARD SUBSCRIPTION,-10.00,3215.60,BILLS_AND_SERVICES,
13/03/2024,Tesco,TESCO STORES 2163,APPLE PAY,-83.83,3131.77,GROCERIES,
13/03/2024,Marks & Spencer,M&S SIMPLY FOOD - SSP,GOOGLE PAY,-10.30,3121.47,GROCERIES,
13/03/2024,Pumpkin Cafe,PUMPKIN CAFE,GOOGLE PAY,-3.75,3117.72,GROCERIES,
13/03/2024,Upper Crust,UPPER CRUST,GOOGLE PAY,-2.79,3114.93,EATING_OUT,
13/03/2024,Gtr Parking Connect Ec,GTR PARKING CONNECT EC,ONLINE PAYMENT,-10.40,3104.53,TRANSPORT,
13/03/2024,Adrian Mobile Locksmit,ADRIAN MOBILE LOCKSMI,APPLE PAY,-78.00,3026.53,BILLS_AND_SERVICES,
13/03/2024,TfL,TFL TRAVEL CH,GOOGLE PAY,-5.40,3021.13,TRANSPORT,
13/03/2024,Amazon,AMAZON* 204-2284147-33,ONLINE PAYMENT,-30.93,2990.20,SHOPPING,
14/03/2024,Amazon,AMAZON* 204-1395076-87,ONLINE PAYMENT,-12.95,2977.25,SHOPPING,
14/03/2024,Coffee Zone Burgess,COFFEE ZONE BURGESS H,GOOGLE PAY,-2.90,2974.35,EATING_OUT,
15/03/2024,Justgiving,JustGiving ComicRelief,ONLINE PAYMENT,-11.00,2963.35,GENERAL,
15/03/2024,Pawshake,PAWSHAKE,ONLINE PAYMENT,-171.00,2792.35,BILLS_AND_SERVICES,
15/03/2024,giffgaff,giffgaff,CARD SUBSCRIPTION,-20.00,2772.35,BILLS_AND_SERVICES,
15/03/2024,Bps Re Easy Direct Debits,MND005WZKJFMKN,DIRECT DEBIT,-23.00,2749.35,GENERAL,
16/03/2024,Four Seasons Fuel Ltd,398733,FASTER PAYMENT,-21.11,2728.24,PAYMENTS,
16/03/2024,Starbucks,STARBUCKS HICKSTEAD,GOOGLE PAY,-3.75,2724.49,EATING_OUT,
16/03/2024,McDonald's,MCDONALDS,APPLE PAY,-9.45,2715.04,EATING_OUT,
17/03/2024,Tom S Food,TOM S FOOD,GOOGLE PAY,-10.40,2704.64,GROCERIES,
17/03/2024,Coombes,WWW.COOMBES.CO.UK,ONLINE PAYMENT,-16.82,2687.82,HOLIDAYS,
17/03/2024,Costa Coffee,COSTA COFFEE 43011795,APPLE PAY,-11.50,2676.32,EATING_OUT,
17/03/2024,Coombes Farm Tours,COOMBES FARM TOURS,APPLE PAY,-12.00,2664.32,ENTERTAINMENT,
17/03/2024,Coombes Farm T,Zettle_*Coombes Farm T,GOOGLE PAY,-7.00,2657.32,BILLS_AND_SERVICES,
17/03/2024,Next,NEXT RETAIL LTD,APPLE PAY,-154.15,2503.17,SHOPPING,
17/03/2024,Coombes Farm T,Zettle_*Coombes Farm T,APPLE PAY,-2.50,2500.67,BILLS_AND_SERVICES,
17/03/2024,Coombes Farm T,Zettle_*Coombes Farm T,GOOGLE PAY,-9.90,2490.77,BILLS_AND_SERVICES,
18/03/2024,The Triangle,THE TRIANGLE,APPLE PAY,-23.80,2466.97,EATING_OUT,
18/03/2024,Ocado,OCADO                 ,ONLINE PAYMENT,-113.02,2353.95,GROCERIES,
18/03/2024,Co-op Food,CO-OP GROUP FOOD,APPLE PAY,-15.00,2338.95,GROCERIES,
19/03/2024,Bupa Dental Care,BUPA DENTAL CARE,GOOGLE PAY,-149.00,2189.95,BILLS_AND_SERVICES,
19/03/2024,Amazon,amazon.co.uk*AO9NT2AX5,ONLINE PAYMENT,-5.49,2184.46,SHOPPING,
19/03/2024,eBay,eBay O*01-11336-29045,ONLINE PAYMENT,-14.99,2169.47,SHOPPING,
19/03/2024,Waitrose,WAITROSE 873,GOOGLE PAY,-2.30,2167.17,GROCERIES,
19/03/2024,Curve,CRV*APPLE.COM BILL APP,ONLINE PAYMENT,-0.99,2166.18,SHOPPING,
19/03/2024,Applecare,APPLECARE UK,CARD SUBSCRIPTION,-8.99,2157.19,SHOPPING,
20/03/2024,Barclays Partner Finance,300 0120 733039747,DIRECT DEBIT,-49.95,2107.24,BILLS_AND_SERVICES,
20/03/2024,Amazon,AMAZON* 204-4662958-13,ONLINE PAYMENT,-206.93,1900.31,SHOPPING,
21/03/2024,Google,GOOGLE *YouTubePremium,ONLINE PAYMENT,-18.15,1882.16,SHOPPING,
21/03/2024,Amazon Eu,Amazon.co.uk*RO8N54AJ5,ONLINE PAYMENT,-14.90,1867.26,SHOPPING,
21/03/2024,LEES J A,Payday ish,FASTER PAYMENT,7250.00,9117.26,INCOME,
21/03/2024,Phc Group Eur,Zettle_*PHC Group (Eur,APPLE PAY,-294.97,8822.29,SHOPPING,
21/03/2024,Ocado,OCADO                 ,ONLINE PAYMENT,4.50,8826.79,GROCERIES,
22/03/2024,Bps Re Easy Direct Debits,MND005WZKJFMKN,DIRECT DEBIT,-23.00,8803.79,GENERAL,
22/03/2024,Tails,TAILS.COM,CARD SUBSCRIPTION,-237.51,8566.28,GROCERIES,
22/03/2024,Petek's On The Park,Petek's on the Park,GOOGLE PAY,-3.40,8562.88,EATING_OUT,
22/03/2024,Fresha Uk,Endless Hair Creations,CARD SUBSCRIPTION,-45.00,8517.88,ENTERTAINMENT,
23/03/2024,Cowfold Medical Group,COWFOLD MEDICAL GROUP,GOOGLE PAY,-9.65,8508.23,BILLS_AND_SERVICES,
23/03/2024,Sustainaclean,SUSTAINACLEAN,ONLINE PAYMENT,-44.00,8464.23,BILLS_AND_SERVICES,
23/03/2024,Sustainaclean,SUSTAINACLEAN,ONLINE PAYMENT,-88.00,8376.23,BILLS_AND_SERVICES,
23/03/2024,Curve,CRV*Blizzard Entertain,ONLINE PAYMENT,-17.99,8358.24,ENTERTAINMENT,
23/03/2024,Amazon,AMAZON* 204-7305740-88,ONLINE PAYMENT,-9.98,8348.26,SHOPPING,
23/03/2024,Hawthorn Veterinary,HAWTHORN VETERINARY   ,APPLE PAY,-495.00,7853.26,BILLS_AND_SERVICES,
23/03/2024,Co-op Food,CO-OP GROUP FOOD,APPLE PAY,-5.50,7847.76,GROCERIES,
23/03/2024,Justgiving,JustGiving PrincessRoy,ONLINE PAYMENT,-5.10,7842.66,GENERAL,
24/03/2024,Tom S Food,TOM S FOOD,GOOGLE PAY,-6.40,7836.26,GROCERIES,
24/03/2024,Amazon,AMAZON* 204-0894035-87,ONLINE PAYMENT,-28.42,7807.84,SHOPPING,
24/03/2024,Amazon Eu,Amazon.co.uk*OK4M81MJ5,ONLINE PAYMENT,-40.49,7767.35,SHOPPING,
24/03/2024,The Entertainer,THE ENTERTAINER(135),GOOGLE PAY,-34.00,7733.35,SHOPPING,
24/03/2024,Amazon,AMAZON* 204-3173527-50,ONLINE PAYMENT,-8.83,7724.52,SHOPPING,
24/03/2024,Hawthorn Veterinary,HAWTHORN VETERINARY   ,APPLE PAY,-22.85,7701.67,BILLS_AND_SERVICES,
24/03/2024,Sainsbury's,SAINSBURYS S/MKTS,APPLE PAY,-13.20,7688.47,GROCERIES,
24/03/2024,Marks & Spencer,MARKS&SPENCER PLC,GOOGLE PAY,-20.25,7668.22,GROCERIES,
24/03/2024,Smol,SMOL LIMITED,CARD SUBSCRIPTION,-5.80,7662.42,SHOPPING,
25/03/2024,Amazon,AMAZON* 204-3470899-61,ONLINE PAYMENT,-109.99,7552.43,SHOPPING,
25/03/2024,The Triangle,THE TRIANGLE,APPLE PAY,-13.65,7538.78,EATING_OUT,
25/03/2024,The Triangle,THE TRIANGLE,APPLE PAY,-1.45,7537.33,EATING_OUT,
25/03/2024,Amazon Eu,Amazon.co.uk*M55KU3945,ONLINE PAYMENT,-13.23,7524.10,SHOPPING,
25/03/2024,Ocado,OCADO                 ,ONLINE PAYMENT,-144.68,7379.42,GROCERIES,
25/03/2024,Fishers Farm Park,FISHERS FARM PARK LTD,ONLINE PAYMENT,-29.90,7349.52,ENTERTAINMENT,
25/03/2024,Hotel Chocolat,HOTEL CHOCOLAT LTD,CARD SUBSCRIPTION,-40.90,7308.62,SHOPPING,
25/03/2024,Netflix,Netflix,CARD SUBSCRIPTION,-17.99,7290.63,BILLS_AND_SERVICES,
25/03/2024,Amazon Marketplace,AMZNMktplace,ONLINE PAYMENT,-86.47,7204.16,SHOPPING,
26/03/2024,Places For People Leisure ,54578485A,DIRECT DEBIT,-3.00,7201.16,GENERAL,
26/03/2024,Curve,CRV*APPLE.COM BILL APP,ONLINE PAYMENT,-6.99,7194.17,SHOPPING,
26/03/2024,Sumup *fishers Farm P,SumUp  *Fishers Farm P,APPLE PAY,-4.20,7189.97,EATING_OUT,
26/03/2024,Sumup *fishers Farm P,SumUp  *Fishers Farm P,APPLE PAY,-1.50,7188.47,EATING_OUT,
26/03/2024,Sumup *fishers Farm P,SumUp  *Fishers Farm P,APPLE PAY,-19.70,7168.77,EATING_OUT,
26/03/2024,Fishers Farm Park Billingshurst Gbr,FISHERS FARM PARK LTD,APPLE PAY,-1.80,7166.97,ENTERTAINMENT,
26/03/2024,Fishers Farm Park Limi,FISHERS FARM PARK LIMI,APPLE PAY,-5.00,7161.97,ENTERTAINMENT,
26/03/2024,Fishers Farm Park Limi,FISHERS FARM PARK LIMI,APPLE PAY,-5.00,7156.97,ENTERTAINMENT,
26/03/2024,Amazon,AMAZON* 203-5623675-63,ONLINE PAYMENT,-20.89,7136.08,SHOPPING,
27/03/2024,Nando's,NANDOS.CO.UK,APPLE PAY,-17.95,7118.13,EATING_OUT,
27/03/2024,Sustainaclean,SUSTAINACLEAN,ONLINE PAYMENT,-110.00,7008.13,BILLS_AND_SERVICES,
27/03/2024,Curve,CRV*Amazon.co.uk AMAZO,ONLINE PAYMENT,-3.44,7004.69,SHOPPING,
27/03/2024,Curve,CRV*Amazon.co.uk AMAZO,ONLINE PAYMENT,-18.49,6986.20,SHOPPING,
27/03/2024,Curve,CRV*Amazon.co.uk AMAZO,ONLINE PAYMENT,-11.47,6974.73,SHOPPING,
27/03/2024,Curve,CRV*Amazon.co.uk AMAZO,ONLINE PAYMENT,-1.78,6972.95,SHOPPING,
27/03/2024,Curve,CRV*Amazon.co.uk AMAZO,ONLINE PAYMENT,-10.51,6962.44,SHOPPING,
27/03/2024,Curve,CRV*GOOGLER SESSION AP,ONLINE PAYMENT,-20.00,6942.44,BILLS_AND_SERVICES,
27/03/2024,Amazon,amazon.co.uk*009PJ1BT5,ONLINE PAYMENT,-11.99,6930.45,SHOPPING,
27/03/2024,Cineworld,CINEWORLD             ,ONLINE PAYMENT,-17.88,6912.57,ENTERTAINMENT,
27/03/2024,Cineworld,CINEWORLD             ,ONLINE PAYMENT,-25.88,6886.69,ENTERTAINMENT,
27/03/2024,Cineworld,Cineworld CRA CP,APPLE PAY,-9.40,6877.29,ENTERTAINMENT,
27/03/2024,Channel 4,CHANNEL 4,CARD SUBSCRIPTION,-3.99,6873.30,BILLS_AND_SERVICES,
27/03/2024,Curve,CRV*GOOGLER SESSION AP,ONLINE PAYMENT,20.00,6893.30,BILLS_AND_SERVICES,
27/03/2024,Curve,CRV*WWW.SEAS.ORG.UK HA,ONLINE PAYMENT,-27.00,6866.30,GENERAL,
28/03/2024,Amazon,AMAZON* 204-2388593-21,ONLINE PAYMENT,-12.59,6853.71,SHOPPING,
28/03/2024,Octopus Energy,A-E501D93A-002,DIRECT DEBIT,-300.00,6553.71,BILLS_AND_SERVICES,
28/03/2024,Amazon Eu,Amazon.co.uk*I74RF3GC5,ONLINE PAYMENT,-17.53,6536.18,SHOPPING,
28/03/2024,Twdc Frozen Merchandis,TWDC FROZEN MERCHANDIS,GOOGLE PAY,-63.00,6473.18,SHOPPING,
28/03/2024,Cmt Uk Taxi Fare,CMT UK LTD TAXI FARE,GOOGLE PAY,-17.00,6456.18,TRANSPORT,
28/03/2024,Four Seasons Fuel Ltd,Coura001,FASTER PAYMENT,-276.95,6179.23,PAYMENTS,
28/03/2024,WH Smith,WH Smith Victoria,GOOGLE PAY,-13.97,6165.26,SHOPPING,
28/03/2024,WH Smith,WH Smith Victoria,GOOGLE PAY,-3.99,6161.27,SHOPPING,
28/03/2024,WH Smith,WH Smith Victoria,GOOGLE PAY,-12.48,6148.79,SHOPPING,
28/03/2024,Taxi - Cabvision,LICENSED TAXI,GOOGLE PAY,-21.40,6127.39,TRANSPORT,
28/03/2024,Gtr Parking Connect Ec,GTR PARKING CONNECT EC,ONLINE PAYMENT,-10.40,6116.99,TRANSPORT,
29/03/2024,Caffè Nero,CAFFE NERO 337 VICTORI,GOOGLE PAY,-6.30,6110.69,EATING_OUT,
29/03/2024,Amazon,AMAZON* 204-2523578-41,ONLINE PAYMENT,-13.11,6097.58,SHOPPING,
29/03/2024,Toy Barnhaus Horsham,Toy Barnhaus Horsham,GOOGLE PAY,-5.99,6091.59,SHOPPING,
29/03/2024,Amazon Eu,Amazon.co.uk*131FJ3SG5,ONLINE PAYMENT,-15.62,6075.97,SHOPPING,
29/03/2024,Fresha Uk,Endless Hair Creations,ONLINE PAYMENT,-15.00,6060.97,ENTERTAINMENT,
29/03/2024,Curve,CRV*HORSHAM DISTRICT C,ONLINE PAYMENT,-2.60,6058.37,BILLS_AND_SERVICES,
29/03/2024,Costa Coffee,COSTA COFFEE 43011724,GOOGLE PAY,-18.00,6040.37,EATING_OUT,
29/03/2024,Smiggle,SMIGGLE,GOOGLE PAY,-20.00,6020.37,BILLS_AND_SERVICES,
29/03/2024,Amazon,AMAZON* 204-2501145-56,ONLINE PAYMENT,-22.94,5997.43,SHOPPING,
29/03/2024,Phc Group Eur,Zettle_*PHC Group  Eur,APPLE PAY,-8.99,5988.44,SHOPPING,
29/03/2024,Marks & Spencer,MARKS&SPENCER PLC SACA,GOOGLE PAY,-8.95,5979.49,GROCERIES,
29/03/2024,Brew Cubed Events,SQ *BREW CUBED EVENTS ,GOOGLE PAY,-6.29,5973.20,EATING_OUT,
30/03/2024,Amazon,AMAZON* 204-0664104-20,ONLINE PAYMENT,-7.99,5965.21,SHOPPING,
30/03/2024,Amazon,AMAZON* 204-1762917-42,ONLINE PAYMENT,-39.94,5925.27,SHOPPING,
30/03/2024,Amazon,AMAZON* 204-6183531-53,ONLINE PAYMENT,-5.49,5919.78,SHOPPING,
30/03/2024,Amazon,AMAZON* 204-8857617-34,ONLINE PAYMENT,-13.99,5905.79,SHOPPING,
30/03/2024,Graysons At Wakehurst,Graysons at Wakehurst,GOOGLE PAY,-25.25,5880.54,EATING_OUT,
30/03/2024,Mid Sussex Super Crea,MID SUSSEX  SUPER CREA,APPLE PAY,-4.00,5876.54,EATING_OUT,
30/03/2024,Wakehurst,WAKEHURST,GOOGLE PAY,-15.00,5861.54,ENTERTAINMENT,
31/03/2024,Apple App Store,APPLE.COM/BILL,CARD SUBSCRIPTION,-8.99,5852.55,ENTERTAINMENT,
31/03/2024,Places Leisure,PLACES LEISURE,ONLINE PAYMENT,-11.25,5841.30,LIFESTYLE,
31/03/2024,Curve,CRV*STEAMGAMES.COM 425,ONLINE PAYMENT,-8.39,5832.91,SHOPPING,
31/03/2024,Kids Stuff Market,KIDS STUFF LTD MARKET,APPLE PAY,-34.99,5797.92,SHOPPING,
31/03/2024,Burgess Hill,Pets Corner S132,APPLE PAY,-19.48,5778.44,GENERAL,
31/03/2024,Waitrose,WAITROSE 123,APPLE PAY,-11.50,5766.94,GROCERIES,
01/04/2024,Starling Bank,March Interest Earned,DEPOSIT INTEREST,10.94,5777.88,INCOME,
01/04/2024,Pristine Gardenz Ltd,3997,FASTER PAYMENT,-283.50,5494.38,PAYMENTS,
01/04/2024,Amazon,AMAZON* 204-4762412-05,ONLINE PAYMENT,-15.99,5478.39,SHOPPING,
01/04/2024,The Triangle,THE TRIANGLE,APPLE PAY,-7.60,5470.79,EATING_OUT,
01/04/2024,The Triangle,THE TRIANGLE,APPLE PAY,-6.50,5464.29,EATING_OUT,
01/04/2024,Ocado,OCADO                 ,ONLINE PAYMENT,-97.04,5367.25,GROCERIES,
01/04/2024,Horsham District Council,HORSHAM DISTRICT COUNC,APPLE PAY,-0.80,5366.45,TRANSPORT,
01/04/2024,Twinpay,TWINPAY               ,APPLE PAY,-1.00,5365.45,TRANSPORT,
01/04/2024,Middle Farm,MIDDLE FARM,ONLINE PAYMENT,-25.00,5340.45,ENTERTAINMENT,
01/04/2024,Kiwico Inc.,"KiwiCo, Inc.",CARD SUBSCRIPTION,-41.10,5299.35,BILLS_AND_SERVICES,
01/04/2024,Amazon Eu,Amazon.co.uk*R22FI7695,ONLINE PAYMENT,-20.00,5279.35,SHOPPING,
02/04/2024,Scribbler Victoria Sta,Scribbler Victoria Sta,GOOGLE PAY,-24.99,5254.36,SHOPPING,
02/04/2024,Amazon Eu,Amazon.co.uk*H94Q539Q4,CARD SUBSCRIPTION,-8.18,5246.18,SHOPPING,
02/04/2024,Lego Store Leicester S,LEGO Store Leicester S,APPLE PAY,-143.96,5102.22,SHOPPING,
02/04/2024,PQA Academy,HAYW353036,DIRECT DEBIT,-46.00,5056.22,GENERAL,
02/04/2024,Napo,MW43CMW,DIRECT DEBIT,-33.75,5022.47,GENERAL,
02/04/2024,Horsham District Council,12873556,DIRECT DEBIT,-265.47,4757.00,TRANSPORT,
02/04/2024,Napo,MW43CMW,DIRECT DEBIT,-60.49,4696.51,GENERAL,
02/04/2024,Napo,MW43CMW,DIRECT DEBIT,-59.68,4636.83,GENERAL,
02/04/2024,Bps Re Peoplesfundraising,1698316166225,DIRECT DEBIT,-10.00,4626.83,GENERAL,
02/04/2024,BT,GB26676055,DIRECT DEBIT,-71.05,4555.78,BILLS_AND_SERVICES,
02/04/2024,Burger & Lobster,BURGER & LOBSTER,APPLE PAY,-93.07,4462.71,EATING_OUT,
02/04/2024,Gtr Parking Connect Ec,GTR PARKING CONNECT EC,ONLINE PAYMENT,-2.60,4460.11,TRANSPORT,
02/04/2024,Cmt Uk Taxi Fare,CMT UK LTD TAXI FARE,GOOGLE PAY,-16.70,4443.41,TRANSPORT,
02/04/2024,WH Smith,WH Smith Victoria,APPLE PAY,-11.37,4432.04,SHOPPING,
02/04/2024,TfL,TFL TRAVEL CH,APPLE PAY,-2.70,4429.34,TRANSPORT,
02/04/2024,TfL,TFL TRAVEL CH,GOOGLE PAY,-2.70,4426.64,TRANSPORT,
02/04/2024,Sustainaclean,SUSTAINACLEAN,ONLINE PAYMENT,-88.00,4338.64,BILLS_AND_SERVICES,
02/04/2024,Martin Butler,March,FASTER PAYMENT,-262.00,4076.64,PETS,
03/04/2024,GoCardless,VBDANCE-M8ZB6MFG35,DIRECT DEBIT,-26.10,4050.54,PAYMENTS,
03/04/2024,Southern Railway,ON TRACK - SOUTHERN RA,CARD SUBSCRIPTION,-30.50,4020.04,TRANSPORT,
03/04/2024,Curve,CRV*GOOGLER SESSION AP,ONLINE PAYMENT,-20.00,4000.04,BILLS_AND_SERVICES,
05/04/2024,Amazon,amazon.co.uk*HE95H4T74,ONLINE PAYMENT,-8.49,3991.55,SHOPPING,
05/04/2024,Curve,CRV*GOOGLER SESSION AP,ONLINE PAYMENT,20.00,4011.55,BILLS_AND_SERVICES,
05/04/2024,Tesco,TESCO STORES 2163,GOOGLE PAY,-21.50,3990.05,GROCERIES,
05/04/2024,Grind,GRIND & CO,CARD SUBSCRIPTION,-13.50,3976.55,EATING_OUT,
05/04/2024,Starbucks,STARBUCKS HICKSTEAD,GOOGLE PAY,-7.15,3969.40,EATING_OUT,
06/04/2024,Nintendo ,Nintendo CA1184938739,ONLINE PAYMENT,-10.00,3959.40,SHOPPING,
06/04/2024,Nintendo ,Nintendo CB1184930653,ONLINE PAYMENT,-49.87,3909.53,SHOPPING,
06/04/2024,Nintendo ,Nintendo CB1184932551,ONLINE PAYMENT,-28.61,3880.92,SHOPPING,
06/04/2024,Sustainaclean,SUSTAINACLEAN,ONLINE PAYMENT,-44.00,3836.92,BILLS_AND_SERVICES,
06/04/2024,The Triangle,THE TRIANGLE,GOOGLE PAY,-3.75,3833.17,EATING_OUT,
06/04/2024,Amazon,AMAZON* 204-6827520-63,ONLINE PAYMENT,-15.75,3817.42,SHOPPING,
06/04/2024,Co-op Food,CO-OP GROUP FOOD,APPLE PAY,-12.35,3805.07,GROCERIES,
08/04/2024,Curve,CRV*APPLE.COM BILL APP,ONLINE PAYMENT,-9.99,3795.08,SHOPPING,
08/04/2024,Boots,"BOOTS,HORSHAM",APPLE PAY,-12.39,3782.69,GENERAL,
08/04/2024,Horsham Service Statio,HORSHAM SERVICE STATIO,APPLE PAY,-7.00,3775.69,TRANSPORT,
08/04/2024,Ocado,OCADO                 ,ONLINE PAYMENT,-124.37,3651.32,GROCERIES,
08/04/2024,Curve,CRV*HORSHAM DISTRICT C,ONLINE PAYMENT,-1.70,3649.62,BILLS_AND_SERVICES,
08/04/2024,Marks & Spencer,MARKS&SPENCER PLC SACA,APPLE PAY,-23.35,3626.27,GROCERIES,
09/04/2024,Co-op Food,CO-OP GROUP FOOD,APPLE PAY,-3.00,3623.27,GROCERIES,
09/04/2024,E/tunnel Internet,LE SHUTTLE 1991,ONLINE PAYMENT,-535.00,3088.27,TRANSPORT,
10/04/2024,Places For People Leisure ,54561456A,DIRECT DEBIT,-49.00,3039.27,GENERAL,
10/04/2024,Sustainaclean,SUSTAINACLEAN,ONLINE PAYMENT,-88.00,2951.27,BILLS_AND_SERVICES,
10/04/2024,Sa Hancock,61241,FASTER PAYMENT,-111.00,2840.27,PAYMENTS,
10/04/2024,LEES J A,Topup,FASTER PAYMENT,2000.00,4840.27,INCOME,
10/04/2024,Four Seasons Fuel Ltd,286159,FASTER PAYMENT,-335.16,4505.11,PAYMENTS,
10/04/2024,B&Q,B & Q 1212,APPLE PAY,-54.00,4451.11,SHOPPING,
10/04/2024,Co-op Food,CO-OP GROUP FOOD,APPLE PAY,-11.94,4439.17,GROCERIES,
10/04/2024,Smol,SMOL LIMITED,CARD SUBSCRIPTION,-6.30,4432.87,SHOPPING,
11/04/2024,Nando's,NANDOS.CO.UK,APPLE PAY,-21.20,4411.67,EATING_OUT,
11/04/2024,Curve,CRV*GOOGLER SESSION AP,ONLINE PAYMENT,-20.00,4391.67,BILLS_AND_SERVICES,
11/04/2024,Curve,CRV*HORSHAM DISTRICT C,ONLINE PAYMENT,-2.60,4389.07,BILLS_AND_SERVICES,
11/04/2024,Next,NEXT RETAIL LTD,APPLE PAY,-24.00,4365.07,SHOPPING,
11/04/2024,Mountain Warehouse,MOUNTAIN WAREHOUSE,APPLE PAY,-112.18,4252.89,SHOPPING,
11/04/2024,Gtr Parking Connect Ec,GTR PARKING CONNECT EC,ONLINE PAYMENT,-10.40,4242.49,TRANSPORT,
11/04/2024,Apple App Store,APPLE.COM/BILL,CARD SUBSCRIPTION,-12.99,4229.50,ENTERTAINMENT,
11/04/2024,LEES J A,Home improvement,FASTER PAYMENT,10000.00,14229.50,INCOME,
11/04/2024,Shell,SHELL HORSHAM,APPLE PAY,-115.45,14114.05,FUEL,
11/04/2024,Smol,SMOL LIMITED,CARD SUBSCRIPTION,-5.80,14108.25,SHOPPING,
12/04/2024,Amazon,AMAZON* 204-6039454-53,ONLINE PAYMENT,-6.99,14101.26,SHOPPING,
12/04/2024,Curve,CRV*THANKBOX - CHARLES,ONLINE PAYMENT,-23.42,14077.84,SHOPPING,
12/04/2024,Curve,CRV*THANKBOX - CHARLES,ONLINE PAYMENT,-4.99,14072.85,SHOPPING,
12/04/2024,Gtr Parking Connect Ec,GTR PARKING CONNECT EC,ONLINE PAYMENT,-10.40,14062.45,TRANSPORT,
12/04/2024,Amazon,AMAZON* 204-3924246-95,ONLINE PAYMENT,-102.98,13959.47,SHOPPING,
12/04/2024,McDonald's,MCDONALDS,APPLE PAY,-5.28,13954.19,EATING_OUT,
12/04/2024,McDonald's,MCDONALDS,APPLE PAY,-11.88,13942.31,EATING_OUT,
12/04/2024,eBay,eBay O*21-11423-96449,ONLINE PAYMENT,-8.49,13933.82,SHOPPING,
13/04/2024,Curve,CRV*JustGiving Batters,ONLINE PAYMENT,-52.20,13881.62,GENERAL,
13/04/2024,Amazon,AMAZON* 204-6474437-98,ONLINE PAYMENT,-120.45,13761.17,SHOPPING,
13/04/2024,Sustainaclean,SUSTAINACLEAN,ONLINE PAYMENT,-44.00,13717.17,BILLS_AND_SERVICES,
13/04/2024,giffgaff,giffgaff,CARD SUBSCRIPTION,-10.00,13707.17,BILLS_AND_SERVICES,
13/04/2024,Wagamama,Wagamama Limited 264,ONLINE PAYMENT,-72.23,13634.94,EATING_OUT,
13/04/2024,Amazon,AMAZON* 204-8522656-39,ONLINE PAYMENT,-115.97,13518.97,SHOPPING,
13/04/2024,Blinds 2 Go,BLINDS 2 GO LTD,ONLINE PAYMENT,-491.66,13027.31,GENERAL,
13/04/2024,Amazon Eu,Amazon.co.uk*HP0QC3GJ4,ONLINE PAYMENT,-16.17,13011.14,SHOPPING,
13/04/2024,eBay,eBay O*19-11429-95098,ONLINE PAYMENT,-53.98,12957.16,SHOPPING,
14/04/2024,Nando's,NANDOS.CO.UK,APPLE PAY,-41.35,12915.81,EATING_OUT,
14/04/2024,IKEA,IKEA LTD SHOP ONLINE,ONLINE PAYMENT,-208.00,12707.81,SHOPPING,
14/04/2024,Horsham Matters,SQ *HORSHAM MATTERS,GOOGLE PAY,-6.00,12701.81,GENERAL,
14/04/2024,Horsham Matters,SQ *HORSHAM MATTERS,GOOGLE PAY,-3.00,12698.81,GENERAL,
14/04/2024,Amazon Eu,Amazon.co.uk*HP4DM2HM4,ONLINE PAYMENT,-9.99,12688.82,SHOPPING,
14/04/2024,Amazon Eu,Amazon.co.uk*HP5WI0HZ4,ONLINE PAYMENT,-19.84,12668.98,SHOPPING,
14/04/2024,Shell,SHELL HENFIELD,APPLE PAY,-4.30,12664.68,FUEL,
14/04/2024,Curve,CRV*HORSHAM DISTRICT C,ONLINE PAYMENT,-4.00,12660.68,BILLS_AND_SERVICES,
15/04/2024,Places For People Leisure ,54425808A,DIRECT DEBIT,-60.04,12600.64,GENERAL,
15/04/2024,Bps Re Easy Direct Debits,MND005WZKJFMKN,DIRECT DEBIT,-23.00,12577.64,GENERAL,
15/04/2024,Amazon,AMAZON* 204-5879388-70,ONLINE PAYMENT,-17.54,12560.10,SHOPPING,
15/04/2024,Mooboo Teaz,Mooboo Teaz,GOOGLE PAY,-9.70,12550.40,EATING_OUT,
15/04/2024,giffgaff,giffgaff,CARD SUBSCRIPTION,-20.00,12530.40,BILLS_AND_SERVICES,
15/04/2024,Tesco,TESCO STORES 2163,APPLE PAY,-15.09,12515.31,GROCERIES,
15/04/2024,The Triangle,THE TRIANGLE,APPLE PAY,-15.35,12499.96,EATING_OUT,
15/04/2024,Amazon Eu,Amazon.co.uk*HP81L6DU4,ONLINE PAYMENT,-16.00,12483.96,SHOPPING,
15/04/2024,Ocado,OCADO                 ,ONLINE PAYMENT,-159.70,12324.26,GROCERIES,
15/04/2024,Mayberry Garden Centre,Old Barn Garden Centre,APPLE PAY,-73.43,12250.83,GENERAL,
16/04/2024,Middle Farm,MIDDLE FARM,APPLE PAY,-16.16,12234.67,EATING_OUT,
16/04/2024,Middle Farm,MIDDLE FARM,APPLE PAY,-12.00,12222.67,EATING_OUT,
16/04/2024,Middle Farm,MIDDLE FARM,GOOGLE PAY,-3.75,12218.92,EATING_OUT,
16/04/2024,Middle Farm,MIDDLE FARM,GOOGLE PAY,-11.05,12207.87,EATING_OUT,
16/04/2024,Amazon,AMAZON* 204-4515258-12,ONLINE PAYMENT,-9.97,12197.90,SHOPPING,
16/04/2024,Amazon,AMAZON* 204-5418298-99,ONLINE PAYMENT,-34.55,12163.35,SHOPPING,
16/04/2024,Co-op Food,CO-OP GROUP FOOD,GOOGLE PAY,-1.63,12161.72,GROCERIES,
16/04/2024,Katkin Club,KATKIN CLUB,CARD SUBSCRIPTION,-19.00,12142.72,GENERAL,
17/04/2024,Coffee Zone Burgess,COFFEE ZONE BURGESS HI,GOOGLE PAY,-2.90,12139.82,EATING_OUT,
18/04/2024,Curve,CRV*GOOGLER SESSION AP,ONLINE PAYMENT,-20.00,12119.82,BILLS_AND_SERVICES,
18/04/2024,Coffee Zone Burgess,COFFEE ZONE BURGESS HI,GOOGLE PAY,-2.90,12116.92,EATING_OUT,
18/04/2024,Amazon,AMAZON* 204-3326715-56,ONLINE PAYMENT,-33.98,12082.94,SHOPPING,
19/04/2024,Vic Davis Professional,VIC DAVIS PROFESSIONAL,APPLE PAY,-41.25,12041.69,BILLS_AND_SERVICES,
19/04/2024,Twinpay,TWINPAY               ,APPLE PAY,-1.00,12040.69,TRANSPORT,
19/04/2024,B&Q,B & Q 1212,APPLE PAY,-97.56,11943.13,SHOPPING,
19/04/2024,Waitrose,WAITROSE 123,APPLE PAY,-17.50,11925.63,GROCERIES,
19/04/2024,Curve,CRV*APPLE.COM BILL APP,ONLINE PAYMENT,-0.99,11924.64,SHOPPING,
19/04/2024,Applecare,APPLECARE UK,CARD SUBSCRIPTION,-8.99,11915.65,SHOPPING,
20/04/2024,Amazon,AMAZON* 204-4856068-33,ONLINE PAYMENT,-32.28,11883.37,SHOPPING,
20/04/2024,Amazon,AMAZON* 204-5013984-96,ONLINE PAYMENT,-9.99,11873.38,SHOPPING,
20/04/2024,Sustainaclean,SUSTAINACLEAN,ONLINE PAYMENT,-88.00,11785.38,BILLS_AND_SERVICES,
20/04/2024,Amazon Eu,Amazon.co.uk*HD9XR2PJ4,ONLINE PAYMENT,-9.19,11776.19,SHOPPING,
20/04/2024,IKEA,IKEA LTD SHOP ONLINE,ONLINE PAYMENT,10.00,11786.19,SHOPPING,
20/04/2024,Amazon,AMAZON* 204-2626326-18,ONLINE PAYMENT,-31.49,11754.70,SHOPPING,
20/04/2024,Starbucks,STARBUCKS HICKSTEAD,GOOGLE PAY,-7.15,11747.55,EATING_OUT,
20/04/2024,McDonald's,MCDONALDS,APPLE PAY,-7.76,11739.79,EATING_OUT,
21/04/2024,Google,GOOGLE *YouTubePremium,ONLINE PAYMENT,-18.56,11721.23,SHOPPING,
21/04/2024,Tom S Food,TOM S FOOD,GOOGLE PAY,-10.40,11710.83,GROCERIES,
21/04/2024,*the Sausage Ro,SumUp **The Sausage Ro,GOOGLE PAY,-12.00,11698.83,SHOPPING,
21/04/2024,*happy Taste Ca,SumUp **Happy Taste Ca,GOOGLE PAY,-11.50,11687.33,GROCERIES,
21/04/2024,Ipaint Faces,Zettle_*iPaint Faces,GOOGLE PAY,-8.00,11679.33,GENERAL,
21/04/2024,Sumup *happy Taste Ca,SumUp  *Happy Taste Ca,APPLE PAY,-25.00,11654.33,GROCERIES,
21/04/2024,Sumup *five Star Cate,SumUp  *Five Star Cate,APPLE PAY,-7.00,11647.33,EATING_OUT,
21/04/2024,Sumup *canine Craving,SumUp  *Canine Craving,GOOGLE PAY,-11.00,11636.33,GENERAL,
21/04/2024,Sumup *barneys Doggy,SumUp  *Barneys Doggy,GOOGLE PAY,-30.00,11606.33,SHOPPING,
21/04/2024,Sumup *ridleys,SumUp  *RIDLEYS,APPLE PAY,-10.00,11596.33,LIFESTYLE,
21/04/2024,Sumup *ridleys,SumUp  *RIDLEYS,APPLE PAY,-10.00,11586.33,LIFESTYLE,
21/04/2024,Amazon,AMAZON* 204-5872710-66,ONLINE PAYMENT,-19.99,11566.34,SHOPPING,
21/04/2024,Baxters Hut Lt,Zettle_*baxters hut lt,GOOGLE PAY,-7.50,11558.84,EATING_OUT,
21/04/2024,The Cookie Pod,Zettle_*The Cookie Pod,GOOGLE PAY,-10.00,11548.84,EATING_OUT,
21/04/2024,Neat Necks,Neat Necks            ,CHIP & PIN,-54.99,11493.85,SHOPPING,
22/04/2024,Barclays Partner Finance,300 0120 733039747,DIRECT DEBIT,-49.95,11443.90,BILLS_AND_SERVICES,
22/04/2024,Bps Re Easy Direct Debits,MND005WZKJFMKN,DIRECT DEBIT,-23.00,11420.90,GENERAL,
22/04/2024,Amazon,AMAZON* 202-5697398-35,CARD SUBSCRIPTION,-33.25,11387.65,SHOPPING,
22/04/2024,Amazon Marketplace,AMZNMktplace*HD8M978G4,ONLINE PAYMENT,-16.85,11370.80,SHOPPING,
22/04/2024,The Triangle,THE TRIANGLE,APPLE PAY,-23.45,11347.35,EATING_OUT,
22/04/2024,LEES J A,Payday ish,FASTER PAYMENT,7896.00,19243.35,INCOME,
22/04/2024,Ocado,OCADO                 ,ONLINE PAYMENT,-114.86,19128.49,GROCERIES,
23/04/2024,Amazon Eu,Amazon.co.uk*HD3VP8704,ONLINE PAYMENT,-5.59,19122.90,SHOPPING,
23/04/2024,Amazon Eu,Amazon.co.uk*HD5IW7744,ONLINE PAYMENT,-5.00,19117.90,SHOPPING,
23/04/2024,Curve,CRV*Blizzard Entertain,ONLINE PAYMENT,-13.49,19104.41,ENTERTAINMENT,
23/04/2024,Tails,TAILS.COM,CARD SUBSCRIPTION,-237.51,18866.90,GROCERIES,
24/04/2024,Amazon,AMAZON* 204-9247615-44,ONLINE PAYMENT,-18.35,18848.55,SHOPPING,
24/04/2024,Sustainaclean,SUSTAINACLEAN,ONLINE PAYMENT,-88.00,18760.55,BILLS_AND_SERVICES,
24/04/2024,Tesco Burgess Hill,TESCO BURGESS HILL,GOOGLE PAY,-6.05,18754.50,EATING_OUT,
24/04/2024,Tesco,TESCO STORES 2163,GOOGLE PAY,-22.75,18731.75,GROCERIES,
24/04/2024,B&Q,B & Q 1212,APPLE PAY,-14.21,18717.54,SHOPPING,
24/04/2024,Curve,CRV*GOOGLER SESSION AP,ONLINE PAYMENT,20.00,18737.54,BILLS_AND_SERVICES,
25/04/2024,Amazon,AMAZON* 204-8763683-08,ONLINE PAYMENT,-3.79,18733.75,SHOPPING,
25/04/2024,Amazon Eu,Amazon.co.uk*H55TT6LS4,ONLINE PAYMENT,-26.35,18707.40,SHOPPING,
25/04/2024,Netflix,NETFLIX.COM,CARD SUBSCRIPTION,-17.99,18689.41,BILLS_AND_SERVICES,
25/04/2024,McDonald's,MCDONALDS,APPLE PAY,-8.79,18680.62,EATING_OUT,
26/04/2024,Places For People Leisure ,54578485A,DIRECT DEBIT,-3.00,18677.62,GENERAL,
26/04/2024,Amazon,WWW.AMAZON* 204-709163,ONLINE PAYMENT,-3.39,18674.23,SHOPPING,
26/04/2024,eBay,eBay O*09-11490-33198,ONLINE PAYMENT,-15.39,18658.84,SHOPPING,
26/04/2024,Twinpay,TWINPAY               ,APPLE PAY,-1.10,18657.74,TRANSPORT,
26/04/2024,Waitrose,WAITROSE 123,GOOGLE PAY,-13.80,18643.94,GROCERIES,
26/04/2024,Greggs,GREGGS PLC,APPLE PAY,-6.65,18637.29,EATING_OUT,
26/04/2024,Greggs,GREGGS PLC,APPLE PAY,-0.10,18637.19,EATING_OUT,
26/04/2024,Cowfold Medical Group,COWFOLD MEDICAL GROUP,GOOGLE PAY,-9.65,18627.54,BILLS_AND_SERVICES,
27/04/2024,Sustainaclean,SUSTAINACLEAN,ONLINE PAYMENT,-44.00,18583.54,BILLS_AND_SERVICES,
27/04/2024,Tesco,TESCO STORES 2163,GOOGLE PAY,-12.05,18571.49,GROCERIES,
27/04/2024,Bhcc-Paybyphoneparking,6NMLEAYVUHNG 6NMLEAYVU,ONLINE PAYMENT,-10.00,18561.49,TRANSPORT,
27/04/2024,Curve,CRV*Steam Purchase 425,ONLINE PAYMENT,-26.24,18535.25,SHOPPING,
27/04/2024,McDonald's,MCDONALDS,APPLE PAY,-11.64,18523.61,EATING_OUT,
27/04/2024,Sp Theoddpods,SP WONKY COFFEE,CARD SUBSCRIPTION,-22.39,18501.22,GROCERIES,
28/04/2024,Etsy,Etsy.com*SignatureCake,ONLINE PAYMENT,-38.11,18463.11,SHOPPING,
28/04/2024,Costa Coffee,COSTA                 ,GOOGLE PAY,-8.55,18454.56,EATING_OUT,
28/04/2024,Marie Curie Cancer Car Burgess Hill Gbr,MARIE CURIE,GOOGLE PAY,-3.00,18451.56,GENERAL,
29/04/2024,Octopus Energy,A-E501D93A-002,DIRECT DEBIT,-300.00,18151.56,BILLS_AND_SERVICES,
29/04/2024,BT,GB26676055,DIRECT DEBIT,-80.44,18071.12,BILLS_AND_SERVICES,
29/04/2024,Amazon,WWW.AMAZON* 204-686941,ONLINE PAYMENT,-7.00,18064.12,SHOPPING,
29/04/2024,Amazon Eu,Amazon.co.uk*H52W60Q54,CARD SUBSCRIPTION,-11.04,18053.08,SHOPPING,
29/04/2024,Thepictureframinge,WWW.THEPICTUREFRAMINGE,ONLINE PAYMENT,-33.97,18019.11,LIFESTYLE,
29/04/2024,Curve,CRV*WWW.AMAZON* 205-74,ONLINE PAYMENT,-20.24,17998.87,SHOPPING,
29/04/2024,Curve,CRV*WWW.AMAZON* 203-56,ONLINE PAYMENT,-1.89,17996.98,SHOPPING,
29/04/2024,Kids Stuff Market,KIDS STUFF LTD MARKET,APPLE PAY,-9.98,17987.00,SHOPPING,
29/04/2024,Twinpay,TWINPAY               ,APPLE PAY,-1.10,17985.90,TRANSPORT,
29/04/2024,Waitrose,WAITROSE 123,APPLE PAY,-4.25,17981.65,GROCERIES,
29/04/2024,Greggs,GREGGS PLC,APPLE PAY,-10.50,17971.15,EATING_OUT,
29/04/2024,Channel 4,CHANNEL 4,CARD SUBSCRIPTION,-3.99,17967.16,BILLS_AND_SERVICES,
29/04/2024,Smol,SMOL LIMITED,CARD SUBSCRIPTION,-5.80,17961.36,SHOPPING,
29/04/2024,Ocado,OCADO                 ,ONLINE PAYMENT,-78.65,17882.71,GROCERIES,
29/04/2024,Twinpay,TWINPAY               ,ONLINE PAYMENT,-1.10,17881.61,TRANSPORT,
30/04/2024,James For Carpets,JAMES FOR CARPETS,GOOGLE PAY,-1170.00,16711.61,GENERAL,
30/04/2024,Amazon,AMAZON* 204-8797847-57,ONLINE PAYMENT,-8.75,16702.86,SHOPPING,
30/04/2024,Amazon,AMAZON* 204-8935866-56,ONLINE PAYMENT,-110.55,16592.31,SHOPPING,
30/04/2024,Tesco,TESCO STORES 2163,APPLE PAY,-23.14,16569.17,GROCERIES,
30/04/2024,Boots,BOOTS UK ECOMM,ONLINE PAYMENT,-94.93,16474.24,GENERAL,
30/04/2024,Amazon,AMAZON* 204-1153779-84,ONLINE PAYMENT,-35.98,16438.26,SHOPPING,
30/04/2024,Amazon,AMAZON* 204-3814656-23,ONLINE PAYMENT,-38.99,16399.27,SHOPPING,
30/04/2024,Disney Packages,DISNEY PACKAGES,ONLINE PAYMENT,-83.34,16315.93,HOLIDAYS,
30/04/2024,Disney Packages,DISNEY PACKAGES,ONLINE PAYMENT,-18.52,16297.41,HOLIDAYS,
30/04/2024,B&Q,B & Q 1212,APPLE PAY,-174.00,16123.41,SHOPPING,
30/04/2024,Nando's,NANDOS.CO.UK,APPLE PAY,-21.20,16102.21,EATING_OUT,
30/04/2024,Simply Pondz,SQ *SIMPLY PONDZ LTD,CARD PAYMENT,-1450.00,14652.21,BILLS_AND_SERVICES,
30/04/2024,Martin Butler,April,FASTER PAYMENT,-288.00,14364.21,PETS,
01/05/2024,Starling Bank,April Interest Earned,DEPOSIT INTEREST,12.22,14376.43,INCOME,
01/05/2024,Bps Re Peoplesfundraising,1698316166225,DIRECT DEBIT,-10.00,14366.43,GENERAL,
01/05/2024,PQA Academy,HAYW353036,DIRECT DEBIT,-46.00,14320.43,GENERAL,
01/05/2024,Burgess Hill School For Girls Com,COU001,DIRECT DEBIT,-836.84,13483.59,NONE,
01/05/2024,Phc,19335 COURATIER,DIRECT DEBIT,-8.99,13474.60,GENERAL,
01/05/2024,Napo,MW43CMW,DIRECT DEBIT,-60.49,13414.11,GENERAL,
01/05/2024,Napo,MW43CMW,DIRECT DEBIT,-59.68,13354.43,GENERAL,
01/05/2024,Horsham District Council,12873556,DIRECT DEBIT,-268.00,13086.43,TRANSPORT,
01/05/2024,Apple App Store,APPLE.COM/BILL,CARD SUBSCRIPTION,-8.99,13077.44,ENTERTAINMENT,
01/05/2024,Napo,MW43CMW,DIRECT DEBIT,-33.75,13043.69,GENERAL,
01/05/2024,Burgess Hill School For Girls Com,COU001,DIRECT DEBIT,-60.00,12983.69,NONE,
01/05/2024,Amazon,WWW.AMAZON* 204-069654,ONLINE PAYMENT,-91.30,12892.39,SHOPPING,
01/05/2024,Pristine Gardenz Ltd,3997,FASTER PAYMENT,-311.52,12580.87,PAYMENTS,
01/05/2024,Sustainaclean,SUSTAINACLEAN,ONLINE PAYMENT,-88.00,12492.87,BILLS_AND_SERVICES,
01/05/2024,Curve,CRV*HORSHAM DISTRICT C,ONLINE PAYMENT,-2.60,12490.27,BILLS_AND_SERVICES,
01/05/2024,Boots,BOOTS 0885,GOOGLE PAY,-4.35,12485.92,GENERAL,
01/05/2024,Boots,"BOOTS,HORSHAM",APPLE PAY,-7.00,12478.92,GENERAL,
01/05/2024,Amazon,WWW.AMAZON* 204-021585,ONLINE PAYMENT,-11.99,12466.93,SHOPPING,
01/05/2024,Mayberry Garden Centre,Old Barn Garden Centre,APPLE PAY,-131.91,12335.02,GENERAL,
01/05/2024,Coffee Zone Burgess,COFFEE ZONE BURGESS HI,GOOGLE PAY,-3.70,12331.32,EATING_OUT,
01/05/2024,Kiwico Inc.,"KiwiCo, Inc.",CARD SUBSCRIPTION,-28.71,12302.61,BILLS_AND_SERVICES,
02/05/2024,Amazon,AMAZON* 204-7424966-38,ONLINE PAYMENT,-17.99,12284.62,SHOPPING,
02/05/2024,Amazon,WWW.AMAZON* 204-805482,ONLINE PAYMENT,-5.07,12279.55,SHOPPING,
02/05/2024,Sp Rootsplants,SP ROOTSPLANTS,ONLINE PAYMENT,-40.00,12239.55,SHOPPING,
02/05/2024,Paypal,PAYPAL *FALCON ENER FA,ONLINE PAYMENT,-114.00,12125.55,BILLS_AND_SERVICES,
02/05/2024,Coffee Zone Burgess,COFFEE ZONE BURGESS HI,GOOGLE PAY,-2.90,12122.65,EATING_OUT,
02/05/2024,Amazon,WWW.AMAZON* 204-060797,ONLINE PAYMENT,-14.49,12108.16,SHOPPING,
03/05/2024,GoCardless,VBDANCE-M8ZB6MFG35,DIRECT DEBIT,-26.10,12082.06,PAYMENTS,
03/05/2024,Amazon,AMAZON* 204-1969149-44,ONLINE PAYMENT,-106.60,11975.46,SHOPPING,
03/05/2024,Motionway,MOTIONWAY LIMITED,ONLINE PAYMENT,-1135.00,10840.46,SHOPPING,
03/05/2024,Amazon,amazon.co.uk*HG2Y56AW4,ONLINE PAYMENT,-2.49,10837.97,SHOPPING,
03/05/2024,Amazon,amazon.co.uk*HG6YU6A84,ONLINE PAYMENT,-5.99,10831.98,SHOPPING,
03/05/2024,Amazon,amazon.co.uk,CARD SUBSCRIPTION,-9.49,10822.49,SHOPPING,
03/05/2024,Amazon,AMAZON* 204-0535592-80,ONLINE PAYMENT,-7.99,10814.50,SHOPPING,
03/05/2024,B&Q,B & Q 1212,GOOGLE PAY,-67.39,10747.11,SHOPPING,
03/05/2024,Co-op Food,CO-OP GROUP FOOD,APPLE PAY,-8.80,10738.31,GROCERIES,
03/05/2024,Grind,GRIND & CO,CARD SUBSCRIPTION,-13.50,10724.81,EATING_OUT,
04/05/2024,Sustainaclean,SUSTAINACLEAN,ONLINE PAYMENT,-52.80,10672.01,BILLS_AND_SERVICES,
04/05/2024,Uncle Sams Hamburger,Uncle Sams Burgess Hil,APPLE PAY,-11.15,10660.86,EATING_OUT,
04/05/2024,Fratello Pizza,Zettle_*Fratello Pizza,APPLE PAY,-35.00,10625.86,EATING_OUT,
04/05/2024,Co-op Food,CO-OP GROUP FOOD,APPLE PAY,-5.85,10620.01,GROCERIES,
04/05/2024,Horsham Service Statio,HORSHAM SERVICE STATIO,APPLE PAY,-107.30,10512.71,TRANSPORT,
04/05/2024,Starbucks,STARBUCKS HICKSTEAD,GOOGLE PAY,-7.25,10505.46,EATING_OUT,
04/05/2024,Justgiving,JustGiving BatterseaDo,ONLINE PAYMENT,-5.25,10500.21,GENERAL,
05/05/2024,Tom S Food,TOM S FOOD,GOOGLE PAY,-10.40,10489.81,GROCERIES,
05/05/2024,Tom S Food,TOM S FOOD,GOOGLE PAY,-5.80,10484.01,GROCERIES,
05/05/2024,Amazon,AMAZON* 204-8102812-52,ONLINE PAYMENT,-11.99,10472.02,SHOPPING,
05/05/2024,Amazon,WWW.AMAZON* 204-952132,ONLINE PAYMENT,-16.66,10455.36,SHOPPING,
05/05/2024,Amazon Prime,Amazon Prime*HG4X765G4,CARD SUBSCRIPTION,-95.00,10360.36,SHOPPING,
05/05/2024,B&Q,B & Q 1212,APPLE PAY,-125.00,10235.36,SHOPPING,
05/05/2024,Mayberry Garden Centre,Old Barn Garden Centre,GOOGLE PAY,-109.42,10125.94,GENERAL,
05/05/2024,Amazon,AMAZON* 204-8232286-47,ONLINE PAYMENT,-4.70,10121.24,SHOPPING,
06/05/2024,Amazon,AMAZON* 204-8190277-71,ONLINE PAYMENT,-6.78,10114.46,SHOPPING,
06/05/2024,Prime Video,Prime Video *HG8PV5QT4,ONLINE PAYMENT,-2.99,10111.47,LIFESTYLE,
06/05/2024,Amazon,amazon.co.uk*HG2UD8DB4,ONLINE PAYMENT,-5.49,10105.98,SHOPPING,
06/05/2024,Subway Haywards,SUBWAY 66717 Haywards ,GOOGLE PAY,-4.69,10101.29,EATING_OUT,
06/05/2024,Tesco Burgess Hill,TESCO BURGESS HILL,APPLE PAY,-21.74,10079.55,EATING_OUT,
06/05/2024,Amazon,WWW.AMAZON* 204-402454,ONLINE PAYMENT,-16.00,10063.55,SHOPPING,
06/05/2024,Ocado,OCADO                 ,ONLINE PAYMENT,-145.76,9917.79,GROCERIES,
06/05/2024,B&Q,B & Q 1212,APPLE PAY,-134.50,9783.29,SHOPPING,
06/05/2024,Curve,CRV*APPLE.COM BILL APP,ONLINE PAYMENT,-8.99,9774.30,SHOPPING,
06/05/2024,Build-A-Bear -,Build-A-Bear - 2035,APPLE PAY,-32.00,9742.30,SHOPPING,
06/05/2024,Build-A-Bear -,Build-A-Bear - 2035,GOOGLE PAY,-53.00,9689.30,SHOPPING,
07/05/2024,Bohemia,Bohemia,APPLE PAY,-59.62,9629.68,EATING_OUT,
07/05/2024,Simplycook,SimplyCook,ONLINE PAYMENT,-1.00,9628.68,GROCERIES,
07/05/2024,Merlin Entertainments,Merlin Entertainments,GOOGLE PAY,-0.90,9627.78,ENTERTAINMENT,
07/05/2024,Merlin Entertainments,Merlin Entertainments,GOOGLE PAY,-4.80,9622.98,ENTERTAINMENT,
07/05/2024,Merlin Entertainments,Merlin Entertainments,GOOGLE PAY,-14.00,9608.98,ENTERTAINMENT,
07/05/2024,Merlin Entertainments,Merlin Entertainments,GOOGLE PAY,-20.00,9588.98,ENTERTAINMENT,
07/05/2024,Merlin Entertainments,Merlin Entertainments,GOOGLE PAY,-78.00,9510.98,ENTERTAINMENT,
07/05/2024,Bhcc Lanes Car Park,BHCC LANES CAR PARK   ,APPLE PAY,-33.50,9477.48,TRANSPORT,
07/05/2024,Workshop Lab,WORKSHOP LAB          ,GOOGLE PAY,-3.30,9474.18,GROCERIES,
07/05/2024,Workshop Lab,WORKSHOP LAB          ,APPLE PAY,-2.80,9471.38,GROCERIES,
07/05/2024,Curve,CRV*Steam Purchase 425,ONLINE PAYMENT,-24.99,9446.39,SHOPPING,
08/05/2024,Sustainaclean,SUSTAINACLEAN,ONLINE PAYMENT,-132.00,9314.39,BILLS_AND_SERVICES,
08/05/2024,Amazon,amazon.co.uk*HC0ME4CB4,ONLINE PAYMENT,-14.99,9299.40,SHOPPING,
08/05/2024,Amazon,amazon.co.uk*HC3YG9CM4,ONLINE PAYMENT,-19.99,9279.41,SHOPPING,
08/05/2024,Amazon,AMAZON* 204-1170480-59,ONLINE PAYMENT,-48.63,9230.78,SHOPPING,
08/05/2024,Amazon,WWW.AMAZON* 204-018894,ONLINE PAYMENT,-22.45,9208.33,SHOPPING,
08/05/2024,James For Carpets,5758 stable cottag,FASTER PAYMENT,-2350.00,6858.33,PAYMENTS,
08/05/2024,LEES J A,Home improvement,FASTER PAYMENT,5000.00,11858.33,INCOME,
08/05/2024,Sa Hancock,61435,FASTER PAYMENT,-356.70,11501.63,PAYMENTS,
08/05/2024,B&Q,B & Q 1155,GOOGLE PAY,-28.00,11473.63,SHOPPING,
08/05/2024,Co-op Food,CO-OP GROUP FOOD,GOOGLE PAY,-14.60,11459.03,GROCERIES,
08/05/2024,Starbucks,STARBUCKS,GOOGLE PAY,-6.20,11452.83,EATING_OUT,
08/05/2024,Etsy,Etsy.com*DianaFleurDes,ONLINE PAYMENT,-14.85,11437.98,SHOPPING,
09/05/2024,Toy Barnhaus Horsham,Toy Barnhaus Horsham,APPLE PAY,-23.94,11414.04,SHOPPING,
09/05/2024,Amazon Eu,Amazon.co.uk*HC6GK9NT4,ONLINE PAYMENT,-64.92,11349.12,SHOPPING,
09/05/2024,Amazon,amazon.co.uk*HC12N4NF4,ONLINE PAYMENT,-7.99,11341.13,SHOPPING,
09/05/2024,B&M,B&M 833 BURGESS HILL,GOOGLE PAY,-47.99,11293.14,GROCERIES,
09/05/2024,Next,NEXT RETAIL LTD,APPLE PAY,-42.15,11250.99,SHOPPING,
09/05/2024,Boots,BOOTS 1465,GOOGLE PAY,-41.50,11209.49,GENERAL,
09/05/2024,Amazon,AMAZON* 204-1527914-91,ONLINE PAYMENT,-21.39,11188.10,SHOPPING,
09/05/2024,Subway Horsham,SUBWAY 42190 Horsham,APPLE PAY,-11.56,11176.54,EATING_OUT,
09/05/2024,Subway Horsham,SUBWAY 42190 Horsham,APPLE PAY,-0.89,11175.65,EATING_OUT,
09/05/2024,Twinpay,TWINPAY               ,ONLINE PAYMENT,-1.60,11174.05,TRANSPORT,
09/05/2024,Waitrose,WAITROSE 123,GOOGLE PAY,-5.25,11168.80,GROCERIES,
09/05/2024,Grizzly's Male Hair Sa,GRIZZLY'S MALE HAIR SA,APPLE PAY,-29.50,11139.30,LIFESTYLE,
09/05/2024,Horsham District Counc,HORSHAM DISTRICT COUNC,CARD SUBSCRIPTION,-2.60,11136.70,BILLS_AND_SERVICES,
09/05/2024,Amazon,amazon.co.uk*HC2TA2TJ4,ONLINE PAYMENT,-4.99,11131.71,SHOPPING,
10/05/2024,Places For People Leisure ,54561456A,DIRECT DEBIT,-49.00,11082.71,GENERAL,
10/05/2024,Amazon,AMAZON* 204-3689760-44,ONLINE PAYMENT,-31.04,11051.67,SHOPPING,
10/05/2024,Hawthorn Veterinary,HAWTHORN VETERINARY   ,APPLE PAY,-87.50,10964.17,BILLS_AND_SERVICES,
10/05/2024,Amazon,WWW.AMAZON* 204-904586,ONLINE PAYMENT,-10.40,10953.77,SHOPPING,
10/05/2024,Amazon,amazon.co.uk*HC3T991W4,ONLINE PAYMENT,-4.99,10948.78,SHOPPING,
10/05/2024,LEES J A,Jaffe,FASTER PAYMENT,3454.50,14403.28,INCOME,
10/05/2024,Jaffe Newco Ltd (USA),VT-TX-24-7761,FASTER PAYMENT,-3454.50,10948.78,PAYMENTS,
10/05/2024,Clarke Electrical,1636,FASTER PAYMENT,-225.00,10723.78,PAYMENTS,
10/05/2024,Smol,SMOL LIMITED,CARD SUBSCRIPTION,-6.30,10717.48,SHOPPING,
10/05/2024,Sustainaclean,SUSTAINACLEAN,ONLINE PAYMENT,-52.80,10664.68,BILLS_AND_SERVICES,
11/05/2024,Amazon,amazon.co.uk*HC1176XH4,ONLINE PAYMENT,-12.99,10651.69,SHOPPING,
11/05/2024,Apple App Store,APPLE.COM/BILL,CARD SUBSCRIPTION,-12.99,10638.70,ENTERTAINMENT,
11/05/2024,Crown Ices,CROWN ICES LTD,GOOGLE PAY,-9.00,10629.70,GROCERIES,
11/05/2024,McDonald's,MCDONALDS,APPLE PAY,-10.12,10619.58,EATING_OUT,
12/05/2024,Amazon,WWW.AMAZON* 204-727206,ONLINE PAYMENT,-11.00,10608.58,SHOPPING,
12/05/2024,Leonardsleegardens,WWW.LEONARDSLEEGARDENS,ONLINE PAYMENT,-12.50,10596.08,SHOPPING,
12/05/2024,Places Leisure,PLACES LEISURE,ONLINE PAYMENT,-8.75,10587.33,LIFESTYLE,
12/05/2024,Washbrooks Family Farm,WASHBROOKS FAMILY FARM,GOOGLE PAY,-9.00,10578.33,ENTERTAINMENT,
12/05/2024,Washbrooks Family Farm,WASHBROOKS FAMILY FARM,APPLE PAY,-4.90,10573.43,ENTERTAINMENT,
12/05/2024,Washbrooks Family Farm,WASHBROOKS FAMILY FARM,GOOGLE PAY,-1.00,10572.43,ENTERTAINMENT,
12/05/2024,Washbrooks Family Farm,WASHBROOKS FAMILY FARM,GOOGLE PAY,-7.40,10565.03,ENTERTAINMENT,
12/05/2024,Amazon,AMAZON* 204-5626905-90,ONLINE PAYMENT,-239.99,10325.04,SHOPPING,
13/05/2024,Places For People Leisure ,54425808A,DIRECT DEBIT,-79.00,10246.04,GENERAL,
13/05/2024,Amazon,AMAZON* 204-1845487-65,ONLINE PAYMENT,-22.08,10223.96,SHOPPING,
13/05/2024,Amazon,AMAZON* 204-9372710-94,ONLINE PAYMENT,-8.99,10214.97,SHOPPING,
13/05/2024,giffgaff,giffgaff,CARD SUBSCRIPTION,-10.00,10204.97,BILLS_AND_SERVICES,
13/05/2024,Etsy,Etsy.com*Joeyscustomde,ONLINE PAYMENT,-15.98,10188.99,SHOPPING,
13/05/2024,B&M,B&M 833 BURGESS HILL,GOOGLE PAY,-10.49,10178.50,GROCERIES,
13/05/2024,The Triangle,THE TRIANGLE,GOOGLE PAY,-32.38,10146.12,EATING_OUT,
13/05/2024,The Triangle,THE TRIANGLE,GOOGLE PAY,-31.00,10115.12,LIFESTYLE,
13/05/2024,The Triangle,THE TRIANGLE,GOOGLE PAY,-12.50,10102.62,LIFESTYLE,
13/05/2024,Kids Stuff Market,KIDS STUFF LTD MARKET,GOOGLE PAY,-17.99,10084.63,SHOPPING,
13/05/2024,Amazon,AMAZON* 204-0528443-69,ONLINE PAYMENT,-6.95,10077.68,SHOPPING,
13/05/2024,Amazon,AMAZON* 204-8155622-71,ONLINE PAYMENT,-8.95,10068.73,SHOPPING,
13/05/2024,Ocado,OCADO                 ,ONLINE PAYMENT,-118.74,9949.99,GROCERIES,
13/05/2024,Twinpay,TWINPAY               ,ONLINE PAYMENT,-1.10,9948.89,TRANSPORT,
14/05/2024,Amazon,WWW.AMAZON* 204-017529,ONLINE PAYMENT,-34.99,9913.90,SHOPPING,
14/05/2024,Amazon,amazon.co.uk*HC1MX9U64,ONLINE PAYMENT,-9.99,9903.91,SHOPPING,
14/05/2024,B&M,B&M 833 BURGESS HILL,GOOGLE PAY,-23.24,9880.67,GROCERIES,
14/05/2024,Boots,BOOTS 1465,GOOGLE PAY,-30.80,9849.87,GENERAL,
14/05/2024,Waitrose,WAITROSE 123,GOOGLE PAY,-5.25,9844.62,GROCERIES,
15/05/2024,Bps Re Easy Direct Debits,MND005WZKJFMKN,DIRECT DEBIT,-23.00,9821.62,GENERAL,
15/05/2024,Sustainaclean,SUSTAINACLEAN,ONLINE PAYMENT,-132.00,9689.62,BILLS_AND_SERVICES,
15/05/2024,giffgaff,giffgaff,CARD SUBSCRIPTION,-20.00,9669.62,BILLS_AND_SERVICES,
15/05/2024,Curve,CRV*Steam Purchase 425,ONLINE PAYMENT,24.99,9694.61,SHOPPING,
15/05/2024,Curve,CRV*TwinPay Sheffield,ONLINE PAYMENT,-1.10,9693.51,TRANSPORT,
15/05/2024,Robert Dyas Horsham,ROBERT DYAS HORSHAM,APPLE PAY,-2.99,9690.52,GENERAL,
15/05/2024,Robert Dyas Horsham,ROBERT DYAS HORSHAM,APPLE PAY,-5.98,9684.54,GENERAL,
15/05/2024,Tesco,TESCO STORES,APPLE PAY,-8.00,9676.54,GROCERIES,
15/05/2024,Boots,"BOOTS,HORSHAM",APPLE PAY,-35.64,9640.90,GENERAL,
15/05/2024,Twinpay,TWINPAY               ,APPLE PAY,-1.10,9639.80,TRANSPORT,
15/05/2024,Pret A Manger,PRET A MANGER,APPLE PAY,-14.30,9625.50,EATING_OUT,
15/05/2024,Horsham District Counc,HORSHAM DISTRICT COUNC,CARD SUBSCRIPTION,-2.60,9622.90,BILLS_AND_SERVICES,
15/05/2024,Motionway,MOTIONWAY LIMITED,ONLINE PAYMENT,-180.00,9442.90,SHOPPING,
15/05/2024,Jennifer Anne Lees,JENNIFER ANNE LEES,FASTER PAYMENT,80000.00,89442.90,INCOME,
16/05/2024,B&M,B&M 833 BURGESS HILL,GOOGLE PAY,-7.25,89435.65,GROCERIES,
16/05/2024,Costa Coffee,COSTA                 ,GOOGLE PAY,-3.90,89431.75,EATING_OUT,
16/05/2024,Stephen Couratier (monument),First 10k,FASTER PAYMENT,-10000.00,79431.75,SAVING,
16/05/2024,Waitrose,WAITROSE 123,GOOGLE PAY,-22.85,79408.90,GROCERIES,
17/05/2024,Yoto,SP YOTO,ONLINE PAYMENT,-2.96,79405.94,SHOPPING,
17/05/2024,Curve,CRV*TwinPay Sheffield,ONLINE PAYMENT,-1.10,79404.84,TRANSPORT,
17/05/2024,Stephen Couratier (monument),Reat of the money,FASTER PAYMENT,-70000.00,9404.84,SAVING,
17/05/2024,Four Seasons Fuel Ltd,Monthly,FASTER PAYMENT,-31.99,9372.85,PAYMENTS,
17/05/2024,Coffee Zone Burgess,COFFEE ZONE BURGESS HI,GOOGLE PAY,-2.90,9369.95,EATING_OUT,
17/05/2024,Smol,SMOL LIMITED,CARD SUBSCRIPTION,-5.80,9364.15,SHOPPING,
17/05/2024,McDonald's,MCDONALDS,APPLE PAY,-7.76,9356.39,EATING_OUT,
17/05/2024,McDonald's,MCDONALDS,APPLE PAY,-10.62,9345.77,EATING_OUT,
18/05/2024,Bills Restaurant,BILLS-WEBSITE.CO.UK,ONLINE PAYMENT,-100.33,9245.44,EATING_OUT,
18/05/2024,Sustainaclean,SUSTAINACLEAN,ONLINE PAYMENT,-59.40,9186.04,BILLS_AND_SERVICES,
18/05/2024,Amazon Eu,Amazon.co.uk*H761A5MY4,ONLINE PAYMENT,-7.78,9178.26,SHOPPING,
18/05/2024,eBay,eBay O*02-11587-37603,ONLINE PAYMENT,-62.95,9115.31,SHOPPING,
18/05/2024,Amazon,AMAZON* 204-5481756-84,ONLINE PAYMENT,-10.48,9104.83,SHOPPING,
18/05/2024,Amazon,WWW.AMAZON* 204-617346,ONLINE PAYMENT,-14.75,9090.08,SHOPPING,
18/05/2024,B&Q,B & Q 1212,GOOGLE PAY,-121.75,8968.33,SHOPPING,
18/05/2024,Horsham District Counc,HORSHAM DISTRICT COUNC,CARD SUBSCRIPTION,-2.60,8965.73,BILLS_AND_SERVICES,
18/05/2024,Alex Wilmott,Stable Cottage,FASTER PAYMENT,-60.00,8905.73,PAYMENTS,
18/05/2024,Starbucks,STARBUCKS HICKSTEAD,GOOGLE PAY,-7.70,8898.03,EATING_OUT,
18/05/2024,McDonald's,MCDONALDS,APPLE PAY,-8.43,8889.60,EATING_OUT,
19/05/2024,Tom S Food,TOM S FOOD,GOOGLE PAY,-12.20,8877.40,GROCERIES,
19/05/2024,Curve,CRV*APPLE.COM BILL APP,ONLINE PAYMENT,-0.99,8876.41,SHOPPING,
19/05/2024,Tesco,TESCO STORES 2675,GOOGLE PAY,-3.70,8872.71,GROCERIES,
19/05/2024,Gar,Zettle_*GAR,APPLE PAY,-125.00,8747.71,BILLS_AND_SERVICES,
19/05/2024,Homebase,HOMEBASE LTD 471,GOOGLE PAY,-20.00,8727.71,SHOPPING,
19/05/2024,Mayberry Garden Centre,Old Barn Garden Centre,GOOGLE PAY,-292.36,8435.35,GENERAL,
19/05/2024,Amazon,AMAZON* 204-4765795-34,ONLINE PAYMENT,-94.90,8340.45,SHOPPING,
19/05/2024,Applecare,APPLECARE UK,CARD SUBSCRIPTION,-8.99,8331.46,SHOPPING,
20/05/2024,Amazon,AMAZON* 204-4796743-79,ONLINE PAYMENT,-249.00,8082.46,SHOPPING,
20/05/2024,Amazon,AMAZON* 204-4839275-18,ONLINE PAYMENT,-7.99,8074.47,SHOPPING,
20/05/2024,The Triangle,THE TRIANGLE,APPLE PAY,-23.49,8050.98,EATING_OUT,
20/05/2024,Ocado,OCADO                 ,ONLINE PAYMENT,-147.69,7903.29,GROCERIES,
20/05/2024,Etsy,Etsy.com*SimplySashesS,ONLINE PAYMENT,-5.79,7897.50,SHOPPING,
21/05/2024,Barclays Partner Finance,300 0120 733039747,DIRECT DEBIT,-49.95,7847.55,BILLS_AND_SERVICES,
21/05/2024,Google,GOOGLE *YouTubePremium,ONLINE PAYMENT,-18.19,7829.36,SHOPPING,
21/05/2024,Amazon,AMAZON* 026-5646713-46,CARD SUBSCRIPTION,-15.77,7813.59,SHOPPING,
21/05/2024,Dunelm Soft Furnishin,Dunelm Soft Furnishin,GOOGLE PAY,-294.00,7519.59,GENERAL,
21/05/2024,Miele,Miele Company Limited,ONLINE PAYMENT,-66.15,7453.44,GENERAL,
21/05/2024,Aero Clean,Zettle_*Aero Clean,APPLE PAY,-270.00,7183.44,BILLS_AND_SERVICES,
21/05/2024,Bhcc-Paybyphoneparking,632YDJOEQQN8 632YDJOEQ,ONLINE PAYMENT,-6.00,7177.44,TRANSPORT,
21/05/2024,Twinpay,TWINPAY               ,APPLE PAY,-1.10,7176.34,TRANSPORT,
21/05/2024,Sainsbury's,SAINSBURYS S/MKTS,GOOGLE PAY,-53.70,7122.64,GROCERIES,
21/05/2024,Waitrose,WAITROSE 123,APPLE PAY,-12.65,7109.99,GROCERIES,
21/05/2024,City Electrical,CITY ELECTRICAL,APPLE PAY,-4.80,7105.19,GENERAL,
21/05/2024,Tails,TAILS.COM,CARD SUBSCRIPTION,-237.51,6867.68,GROCERIES,
21/05/2024,Amazon,AMAZON* 204-9844290-25,ONLINE PAYMENT,-18.94,6848.74,SHOPPING,
22/05/2024,Bps Re Easy Direct Debits,MND005WZKJFMKN,DIRECT DEBIT,-23.00,6825.74,GENERAL,
22/05/2024,Nando's,NANDOS.CO.UK,APPLE PAY,-21.20,6804.54,EATING_OUT,
22/05/2024,Sustainaclean,SUSTAINACLEAN,ONLINE PAYMENT,-132.00,6672.54,BILLS_AND_SERVICES,
22/05/2024,Amazon Eu,Amazon.co.uk*HY4VL6O24,ONLINE PAYMENT,-11.26,6661.28,SHOPPING,
22/05/2024,Amazon,amazon.co.uk*HY7FB7FI4,ONLINE PAYMENT,-0.99,6660.29,SHOPPING,
22/05/2024,Curve,CRV*Blizzard Entertain,ONLINE PAYMENT,-17.99,6642.30,ENTERTAINMENT,
22/05/2024,Curve,CRV*Blizzard Entertain,ONLINE PAYMENT,-13.49,6628.81,ENTERTAINMENT,
22/05/2024,Tesco Burgess Hill,TESCO BURGESS HILL,GOOGLE PAY,-6.10,6622.71,EATING_OUT,
22/05/2024,Places Leisure,PLACES LEISURE,ONLINE PAYMENT,-8.75,6613.96,LIFESTYLE,
22/05/2024,Tesco,TESCO STORES 2163,GOOGLE PAY,-24.00,6589.96,GROCERIES,
22/05/2024,Amazon,AMAZON* 204-1900894-18,ONLINE PAYMENT,-13.98,6575.98,SHOPPING,
22/05/2024,Amazon,AMAZON* 204-4702857-60,ONLINE PAYMENT,-9.50,6566.48,SHOPPING,
22/05/2024,Amazon,WWW.AMAZON* 204-505209,ONLINE PAYMENT,-11.96,6554.52,SHOPPING,
22/05/2024,Co-op Food,CO-OP GROUP FOOD,APPLE PAY,-13.60,6540.92,GROCERIES,
22/05/2024,Horsham District Counc,HORSHAM DISTRICT COUNC,CARD SUBSCRIPTION,-2.60,6538.32,BILLS_AND_SERVICES,
22/05/2024,Amazon,AMAZON* 204-0639285-69,ONLINE PAYMENT,-8.49,6529.83,SHOPPING,
22/05/2024,Amazon,AMAZON* 204-8150532-79,ONLINE PAYMENT,-16.99,6512.84,SHOPPING,
23/05/2024,Amazon,AMAZON* 204-9227138-72,ONLINE PAYMENT,-22.49,6490.35,SHOPPING,
23/05/2024,Amazon,WWW.AMAZON* 204-375109,ONLINE PAYMENT,-17.15,6473.20,SHOPPING,
23/05/2024,Amazon,WWW.AMAZON* 204-529757,ONLINE PAYMENT,-21.00,6452.20,SHOPPING,
23/05/2024,Royal Mail,ROYAL MAIL GROUP LTD,ONLINE PAYMENT,-7.90,6444.30,BILLS_AND_SERVICES,
23/05/2024,Amazon,AMAZON* 204-2514738-60,ONLINE PAYMENT,-35.99,6408.31,SHOPPING,
23/05/2024,Vic Davis Professional,VIC DAVIS PROFESSIONAL,APPLE PAY,-15.75,6392.56,BILLS_AND_SERVICES,
23/05/2024,Twinpay,TWINPAY               ,APPLE PAY,-1.10,6391.46,TRANSPORT,
23/05/2024,Waitrose,WAITROSE 123,APPLE PAY,-11.55,6379.91,GROCERIES,
23/05/2024,McDonald's,MCDONALDS,APPLE PAY,-8.93,6370.98,EATING_OUT,
23/05/2024,Ukfingerprints,WWW.UKFINGERPRINTS.COM,ONLINE PAYMENT,-78.00,6292.98,BILLS_AND_SERVICES,
24/05/2024,GoCardless,BRUCESDOGDAY-H85HM,DIRECT DEBIT,-374.40,5918.58,PETS,
24/05/2024,Amazon,AMAZON* 204-8885258-20,ONLINE PAYMENT,-64.36,5854.22,SHOPPING,
24/05/2024,Amazon,WWW.AMAZON* 204-892360,ONLINE PAYMENT,-7.99,5846.23,SHOPPING,
24/05/2024,Costa Coffee,COSTA COFFEE 43011195,GOOGLE PAY,-3.65,5842.58,EATING_OUT,
24/05/2024,LEES J A,Payday ish,FASTER PAYMENT,7700.00,13542.58,INCOME,
24/05/2024,WH Smith,WH Smith London Bridge,GOOGLE PAY,-3.28,13539.30,SHOPPING,
24/05/2024,Coffee Zone Burgess,COFFEE ZONE BURGESS HI,GOOGLE PAY,-5.10,13534.20,EATING_OUT,
24/05/2024,TfL,TFL TRAVEL CH,GOOGLE PAY,-8.20,13526.00,TRANSPORT,
24/05/2024,McDonald's,MCDONALDS,GOOGLE PAY,-4.00,13522.00,EATING_OUT,
24/05/2024,Cowfold Medical Group,COWFOLD MEDICAL GROUP,GOOGLE PAY,-9.90,13512.10,BILLS_AND_SERVICES,
24/05/2024,Sustainaclean,SUSTAINACLEAN,ONLINE PAYMENT,-52.80,13459.30,BILLS_AND_SERVICES,
25/05/2024,Ticketsource,TICKETSOURCE,GOOGLE PAY,-26.00,13433.30,SHOPPING,
25/05/2024,Hawthorn Veterinary,HAWTHORN VETERINARY   ,GOOGLE PAY,-446.12,12987.18,BILLS_AND_SERVICES,
25/05/2024,Cards Direct Horsham,CARDS DIRECT HORSHAM  ,GOOGLE PAY,-6.65,12980.53,GENERAL,
25/05/2024,Next,NEXT RETAIL LTD,GOOGLE PAY,-20.15,12960.38,SHOPPING,
25/05/2024,Amazon,AMAZON* 204-5729498-70,ONLINE PAYMENT,-32.23,12928.15,SHOPPING,
25/05/2024,RingGo Parking,RINGGO PARKING,GOOGLE PAY,-1.00,12927.15,TRANSPORT,
25/05/2024,Netflix,Netflix.com,CARD SUBSCRIPTION,-17.99,12909.16,BILLS_AND_SERVICES,
25/05/2024,Park View Kios,Zettle_*Park view kios,APPLE PAY,-7.30,12901.86,EATING_OUT,
25/05/2024,Starbucks,STARBUCKS HICKSTEAD,GOOGLE PAY,-7.25,12894.61,EATING_OUT,
26/05/2024,Amazon,WWW.AMAZON* 204-380411,ONLINE PAYMENT,-15.59,12879.02,SHOPPING,
26/05/2024,High Sports Brighton,HIGH SPORTS BRIGHTON,ONLINE PAYMENT,-19.00,12860.02,LIFESTYLE,
26/05/2024,Surrey Ices,Surrey Ices,APPLE PAY,-3.50,12856.52,EATING_OUT,
26/05/2024,Surrey Ices,Surrey Ices,APPLE PAY,-17.00,12839.52,EATING_OUT,
26/05/2024,Fresha Uk,Endless Hair Creations,ONLINE PAYMENT,-15.00,12824.52,ENTERTAINMENT,
26/05/2024,Battersea Dogs,BATTERSEA DOGS & CATS',GOOGLE PAY,-1.00,12823.52,GENERAL,
26/05/2024,Waitrose,WAITROSE 123,GOOGLE PAY,-35.66,12787.86,GROCERIES,
26/05/2024,Rontec,RONTEC BOOKLANDS,APPLE PAY,-107.99,12679.87,TRANSPORT,
26/05/2024,Kids Stuff Market,KIDS STUFF LTD MARKET,GOOGLE PAY,-19.99,12659.88,SHOPPING,
26/05/2024,Burgess Hill,Pets Corner S132,GOOGLE PAY,-9.99,12649.89,GENERAL,
27/05/2024,Curve,CRV*APPLE.COM BILL COR,ONLINE PAYMENT,-125.99,12523.90,LIFESTYLE,
27/05/2024,The Triangle,THE TRIANGLE,GOOGLE PAY,-22.69,12501.21,EATING_OUT,
27/05/2024,The Triangle,THE TRIANGLE,GOOGLE PAY,-6.60,12494.61,EATING_OUT,
27/05/2024,Ocado,OCADO                 ,ONLINE PAYMENT,-108.97,12385.64,GROCERIES,
27/05/2024,Twinpay,TWINPAY               ,ONLINE PAYMENT,-1.10,12384.54,TRANSPORT,
27/05/2024,Channel 4,CHANNEL 4,CARD SUBSCRIPTION,-3.99,12380.55,BILLS_AND_SERVICES,
28/05/2024,Places For People Leisure ,54578485A,DIRECT DEBIT,-3.00,12377.55,GENERAL,
28/05/2024,Octopus Energy,A-E501D93A-002,DIRECT DEBIT,-300.00,12077.55,BILLS_AND_SERVICES,
28/05/2024,Amazon,WWW.AMAZON* 202-875811,CARD SUBSCRIPTION,-10.34,12067.21,SHOPPING,
28/05/2024,Amazon,WWW.AMAZON* 203-080831,CARD SUBSCRIPTION,-8.50,12058.71,SHOPPING,
28/05/2024,Amazon,WWW.AMAZON* 203-622801,CARD SUBSCRIPTION,-8.50,12050.21,SHOPPING,
28/05/2024,Curve,CRV*WWW.AMAZON* 026-72,ONLINE PAYMENT,-2.41,12047.80,SHOPPING,
28/05/2024,Curve,CRV*WWW.AMAZON* 206-58,ONLINE PAYMENT,-15.78,12032.02,SHOPPING,
28/05/2024,Tesco,TESCO STORES 2163,APPLE PAY,-40.97,11991.05,GROCERIES,
28/05/2024,Tesco,TESCO STORES 2675,APPLE PAY,-48.70,11942.35,GROCERIES,
28/05/2024,Costa Coffee,43050340 COSTA COFFEE,APPLE PAY,-5.55,11936.80,EATING_OUT,
28/05/2024,Park Cameras,PARK CAMERAS LTD      ,APPLE PAY,-499.00,11437.80,LIFESTYLE,
28/05/2024,Tesco Hand Car Wash,TESCO HAND CAR WASH,APPLE PAY,-70.00,11367.80,TRANSPORT,
28/05/2024,Tesco Hand Car Wash,TESCO HAND CAR WASH,APPLE PAY,-10.00,11357.80,TRANSPORT,
29/05/2024,Amazon,AMAZON* 204-0161436-27,ONLINE PAYMENT,-24.97,11332.83,SHOPPING,
29/05/2024,Sustainaclean,SUSTAINACLEAN,ONLINE PAYMENT,-52.80,11280.03,BILLS_AND_SERVICES,
29/05/2024,Cart Parc 1 Merc,EURO DISNEY ASSOCIES,GOOGLE PAY,-21.31,11258.72,ENTERTAINMENT,
29/05/2024,Euro Disney Associes,EURO DISNEY ASSOCIES,APPLE PAY,-2.13,11256.59,ENTERTAINMENT,
29/05/2024,Strollers Parc 1,EURO DISNEY ASSOCIES,GOOGLE PAY,-136.38,11120.21,ENTERTAINMENT,
29/05/2024,Euro Disney Associes,EURO DISNEY ASSOCIES,APPLE PAY,-17.05,11103.16,ENTERTAINMENT,
29/05/2024,Euro Disney Associes,EURO DISNEY ASSOCIES,GOOGLE PAY,-151.73,10951.43,ENTERTAINMENT,
29/05/2024,New Priory Vets,NEW PRIORY VETS,APPLE PAY,-235.29,10716.14,PETS,
29/05/2024,Hrc030246easy,HRC030246EASY1        ,GOOGLE PAY,-11.17,10704.97,EATING_OUT,
29/05/2024,Vitesse,ADV SAM 0066,FASTER PAYMENT,235.29,10940.26,INCOME,
29/05/2024,Vitesse,ADV SAM 0066,FASTER PAYMENT,371.12,11311.38,INCOME,
30/05/2024,BT,GB26676055,DIRECT DEBIT,-76.65,11234.73,BILLS_AND_SERVICES,
30/05/2024,Sanef Autoroute,SANEF AUTOROUTE,APPLE PAY,-17.22,11217.51,TRANSPORT,
30/05/2024,Dsc6053602uk-,SAP-PHOTO* A1016600,ONLINE PAYMENT,-20.97,11196.54,LIFESTYLE,
30/05/2024,Pristine Gardenz Ltd,Pressure + pointin,FASTER PAYMENT,-2520.00,8676.54,PAYMENTS,
30/05/2024,Euro Disney Associes,EURO DISNEY ASSOCIES,GOOGLE PAY,-321.20,8355.34,ENTERTAINMENT,
30/05/2024,Disney All Access,DISNEY ALL ACCESS,ONLINE PAYMENT,-12.78,8342.56,ENTERTAINMENT,
31/05/2024,Kids A Disney,KIDS A DISNEY,APPLE PAY,-80.93,8261.63,SHOPPING,
31/05/2024,Captain Jack S,EURO DISNEY ASSOCIES,APPLE PAY,-59.63,8202.00,ENTERTAINMENT,
31/05/2024,Studio Store Wds,EURO DISNEY ASSOCIES,APPLE PAY,-68.15,8133.85,ENTERTAINMENT,
31/05/2024,Euro Disney Associes,EURO DISNEY ASSOCIES,APPLE PAY,-2.81,8131.04,ENTERTAINMENT,
31/05/2024,Martin Butler,May,FASTER PAYMENT,-306.00,7825.04,PETS,
31/05/2024,Disney All Access,DISNEY ALL ACCESS,ONLINE PAYMENT,-35.78,7789.26,ENTERTAINMENT,
31/05/2024,Disney All Access,DISNEY ALL ACCESS,ONLINE PAYMENT,-12.78,7776.48,ENTERTAINMENT,
31/05/2024,Grind,GRIND & CO,CARD SUBSCRIPTION,-13.50,7762.98,EATING_OUT,
31/05/2024,giffgaff,giffgaff,ONLINE PAYMENT,-10.00,7752.98,BILLS_AND_SERVICES,
01/06/2024,Starling Bank,May Interest Earned,DEPOSIT INTEREST,13.55,7766.53,INCOME,
01/06/2024,Pristine Gardenz Ltd,3997,FASTER PAYMENT,-311.52,7455.01,PAYMENTS,
01/06/2024,Apple App Store,APPLE.COM/BILL,CARD SUBSCRIPTION,-8.99,7446.02,ENTERTAINMENT,
01/06/2024,Apple App Store,APPLE.COM/BILL,CARD SUBSCRIPTION,-14.99,7431.03,ENTERTAINMENT,
01/06/2024,Amazon,AMAZON* 204-0507547-98,ONLINE PAYMENT,-20.89,7410.14,SHOPPING,
01/06/2024,Amazon,AMAZON* 204-8648907-50,ONLINE PAYMENT,-126.22,7283.92,SHOPPING,
01/06/2024,Amazon,WWW.AMAZON* 204-911298,ONLINE PAYMENT,-7.05,7276.87,SHOPPING,
01/06/2024,McDonald's,MCDONALDS 736         ,APPLE PAY,-15.93,7260.94,EATING_OUT,
01/06/2024,Dac Assevilliers,DAC ASSEVILLIERS      ,CHIP & PIN,-82.75,7178.19,TRANSPORT,
01/06/2024,Hrc030301easyd2,HRC030301EASYD2       ,APPLE PAY,-4.35,7173.84,EATING_OUT,
01/06/2024,Hrc30301paul1,HRC30301PAUL1         ,APPLE PAY,-24.62,7149.22,EATING_OUT,
01/06/2024,Hrc30301paul1,HRC30301PAUL1         ,CHIP & PIN,-9.12,7140.10,EATING_OUT,
01/06/2024,Kiwico Inc.,"KiwiCo, Inc.",CARD SUBSCRIPTION,-28.26,7111.84,BILLS_AND_SERVICES,
02/06/2024,Amazon,AMAZON* 204-1896155-14,ONLINE PAYMENT,-25.52,7086.32,SHOPPING,
02/06/2024,Amazon,AMAZON* 204-1625457-31,ONLINE PAYMENT,-14.99,7071.33,SHOPPING,
02/06/2024,Hawthorn Veterinary,HAWTHORN VETERINARY   ,APPLE PAY,-37.86,7033.47,BILLS_AND_SERVICES,
02/06/2024,Mayberry Garden Centre,Old Barn Garden Centre,GOOGLE PAY,-155.47,6878.00,GENERAL,
03/06/2024,GoCardless,VBDANCE-M8ZB6MFG35,DIRECT DEBIT,-26.10,6851.90,PAYMENTS,
03/06/2024,Phc,19335 COURATIER,DIRECT DEBIT,-8.99,6842.91,GENERAL,
03/06/2024,Napo,MW43CMW,DIRECT DEBIT,-59.68,6783.23,GENERAL,
03/06/2024,PQA Academy,HAYW353036,DIRECT DEBIT,-46.00,6737.23,GENERAL,
03/06/2024,Napo,MW43CMW,DIRECT DEBIT,-33.75,6703.48,GENERAL,
03/06/2024,Napo,MW43CMW,DIRECT DEBIT,-60.49,6642.99,GENERAL,
03/06/2024,Bps Re Peoplesfundraising,1698316166225,DIRECT DEBIT,-10.00,6632.99,GENERAL,
03/06/2024,Horsham District Council,12873556,DIRECT DEBIT,-268.00,6364.99,TRANSPORT,
03/06/2024,Burgess Hill School For Girls Com,COU001,DIRECT DEBIT,-836.58,5528.41,NONE,
03/06/2024,Amazon,AMAZON* 204-3804718-77,ONLINE PAYMENT,-80.74,5447.67,SHOPPING,
03/06/2024,Amazon,WWW.AMAZON* 204-914559,ONLINE PAYMENT,-37.84,5409.83,SHOPPING,
03/06/2024,Constellation,EURO DISNEY ASSOCIES,APPLE PAY,-12.78,5397.05,ENTERTAINMENT,
03/06/2024,Strollers Parc 1,EURO DISNEY ASSOCIES,GOOGLE PAY,51.26,5448.31,ENTERTAINMENT,
03/06/2024,Amazon Marketplace,AMZNMktplace*HS37809W4,ONLINE PAYMENT,-27.98,5420.33,SHOPPING,
03/06/2024,Ocado,OCADO                 ,ONLINE PAYMENT,-140.14,5280.19,GROCERIES,
03/06/2024,Bubblegum Balloons,BUBBLEGUM BALLOONS    ,ONLINE PAYMENT,-80.40,5199.79,GENERAL,
03/06/2024,Hrc30354mcdoe,HRC30354MCDOEST       ,APPLE PAY,-4.05,5195.74,EATING_OUT,
03/06/2024,The Triangle,THE TRIANGLE,APPLE PAY,-22.99,5172.75,EATING_OUT,
03/06/2024,Amazon,amazon.co.uk,CARD SUBSCRIPTION,-9.49,5163.26,SHOPPING,
03/06/2024,Simplycook,SimplyCook,CARD SUBSCRIPTION,-11.78,5151.48,GROCERIES,
04/06/2024,Sustainaclean,SUSTAINACLEAN,ONLINE PAYMENT,-105.60,5045.88,BILLS_AND_SERVICES,
04/06/2024,Sanef Autoroute,SANEF AUTOROUTE,APPLE PAY,-21.04,5024.84,TRANSPORT,
04/06/2024,Twinpay,TWINPAY               ,ONLINE PAYMENT,-1.10,5023.74,TRANSPORT,
04/06/2024,Jennifer Anne Lees,JENNIFER ANNE LEES,FASTER PAYMENT,30000.00,35023.74,INCOME,
04/06/2024,Waitrose,WAITROSE 123,GOOGLE PAY,-39.53,34984.21,GROCERIES,
04/06/2024,Smol,SMOL LIMITED,CARD SUBSCRIPTION,-5.80,34978.41,SHOPPING,
05/06/2024,Amazon,AMAZON* 204-0273658-11,ONLINE PAYMENT,-49.96,34928.45,SHOPPING,
05/06/2024,Amazon,amazon.co.uk*HJ7D58374,ONLINE PAYMENT,-5.99,34922.46,SHOPPING,
05/06/2024,McDonald's,MCDONALDS,APPLE PAY,-8.52,34913.94,EATING_OUT,
05/06/2024,Prime Video,Prime Video *HJ91H0EG4,ONLINE PAYMENT,-1.99,34911.95,LIFESTYLE,
06/06/2024,GoCardless,BRUCESDOGDAY-H85HM,DIRECT DEBIT,-550.80,34361.15,PAYMENTS,
06/06/2024,Amazon,AMAZON* 204-8716447-94,ONLINE PAYMENT,-91.29,34269.86,SHOPPING,
06/06/2024,Yoto,SP YOTO,ONLINE PAYMENT,-44.95,34224.91,SHOPPING,
06/06/2024,Twinpay,TWINPAY               ,ONLINE PAYMENT,-1.10,34223.81,TRANSPORT,
06/06/2024,Waitrose,WAITROSE 123,GOOGLE PAY,-30.81,34193.00,GROCERIES,
07/06/2024,Amazon,AMAZON* 204-2900259-41,ONLINE PAYMENT,-58.73,34134.27,SHOPPING,
07/06/2024,Amazon,AMAZON* 204-6018300-34,ONLINE PAYMENT,-19.95,34114.32,SHOPPING,
07/06/2024,Amazon,AMAZON* 204-8703633-87,ONLINE PAYMENT,-8.99,34105.33,SHOPPING,
07/06/2024,Amazon,WWW.AMAZON* 204-908194,ONLINE PAYMENT,-7.29,34098.04,SHOPPING,
07/06/2024,Amazon Marketplace,AMZNMktplace*HJ3YP55D4,ONLINE PAYMENT,-15.95,34082.09,SHOPPING,
07/06/2024,Hawthorn Veterinary,HAWTHORN VETERINARY   ,APPLE PAY,-91.12,33990.97,BILLS_AND_SERVICES,
07/06/2024,Curve,CRV*BLIZZARD ENTERTAIN,ONLINE PAYMENT,-17.99,33972.98,SHOPPING,
07/06/2024,Curve,CRV*BLIZZARD ENTERTAIN,ONLINE PAYMENT,-17.99,33954.99,SHOPPING,
07/06/2024,Tesco,TESCO STORES 2163,GOOGLE PAY,-22.45,33932.54,GROCERIES,
07/06/2024,Tesco,TESCO STORES 2675,GOOGLE PAY,-96.57,33835.97,GROCERIES,
07/06/2024,Thewashablenappy.C St. Leonards,WWW.THEWASHABLENAPPY.C,ONLINE PAYMENT,-51.95,33784.02,SHOPPING,
07/06/2024,Vitesse,ADV SAM 0066,FASTER PAYMENT,37.86,33821.88,INCOME,
07/06/2024,Vitesse,ADV SAM 0066,FASTER PAYMENT,91.12,33913.00,INCOME,
07/06/2024,McDonald's,MCDONALDS,APPLE PAY,-9.45,33903.55,EATING_OUT,
07/06/2024,Sustainaclean,SUSTAINACLEAN,ONLINE PAYMENT,-52.80,33850.75,BILLS_AND_SERVICES,
08/06/2024,Curve,CRV*JustGiving UNICEFU,ONLINE PAYMENT,-11.00,33839.75,GENERAL,
08/06/2024,Co-op Food,CO-OP GROUP 540076,GOOGLE PAY,-10.85,33828.90,GROCERIES,
08/06/2024,McDonald's,MCDONALDS,APPLE PAY,-11.64,33817.26,EATING_OUT,
09/06/2024,Hawthorn Veterinary,HAWTHORN VETERINARY   ,APPLE PAY,-41.03,33776.23,BILLS_AND_SERVICES,
09/06/2024,Horsham Service Statio,HORSHAM SERVICE STATIO,APPLE PAY,-86.51,33689.72,TRANSPORT,
09/06/2024,Smol,SMOL LIMITED,CARD SUBSCRIPTION,-6.30,33683.42,SHOPPING,
10/06/2024,Places For People Leisure ,54561456A,DIRECT DEBIT,-49.00,33634.42,GENERAL,
10/06/2024,Amazon,AMAZON* 204-4177244-74,ONLINE PAYMENT,-19.99,33614.43,SHOPPING,
10/06/2024,Amazon,WWW.AMAZON* 204-658515,ONLINE PAYMENT,-22.59,33591.84,SHOPPING,
10/06/2024,Amazon Eu,Amazon.co.uk*HJ0H85WT4,ONLINE PAYMENT,-9.24,33582.60,SHOPPING,
10/06/2024,The Triangle,THE TRIANGLE,APPLE PAY,-25.84,33556.76,EATING_OUT,
10/06/2024,Amazon,AMAZON* 204-2972194-38,ONLINE PAYMENT,-6.46,33550.30,SHOPPING,
10/06/2024,Ocado,OCADO                 ,ONLINE PAYMENT,-105.24,33445.06,GROCERIES,
10/06/2024,Mayberry Garden Centre,Old Barn Garden Centre,GOOGLE PAY,-131.19,33313.87,GENERAL,
10/06/2024,Mayberry Garden Centre,Old Barn Garden Centre,APPLE PAY,-85.31,33228.56,GENERAL,
10/06/2024,Nature Nurture Sussex,inv-0464 Onyxia ,FASTER PAYMENT,-145.00,33083.56,PAYMENTS,
11/06/2024,Sustainaclean,SUSTAINACLEAN,ONLINE PAYMENT,-105.60,32977.96,BILLS_AND_SERVICES,
11/06/2024,Amazon,amazon.co.uk*HV7YH5L24,ONLINE PAYMENT,-5.49,32972.47,SHOPPING,
11/06/2024,Tesco,TESCO STORES 2163,GOOGLE PAY,-20.59,32951.88,GROCERIES,
11/06/2024,Post Office Banking Services,Cash Withdrawal,CASH WITHDRAWAL,-48.38,32903.50,PAYMENTS,
11/06/2024,Katkin Club,KATKIN CLUB,CARD SUBSCRIPTION,-19.00,32884.50,GENERAL,
12/06/2024,Post Office,POST OFFICE COUNTER,APPLE PAY,-3.05,32881.45,BILLS_AND_SERVICES,
12/06/2024,Apple App Store,APPLE.COM/BILL,CARD SUBSCRIPTION,-12.99,32868.46,ENTERTAINMENT,
12/06/2024,Amazon,AMAZON* 204-5327939-84,ONLINE PAYMENT,-3.71,32864.75,SHOPPING,
12/06/2024,Hawthorn Veterinary,HAWTHORN VETERINARY   ,APPLE PAY,-34.69,32830.06,BILLS_AND_SERVICES,
12/06/2024,Photo Me International,ME GROUP INTERNATIONAL,APPLE PAY,-10.00,32820.06,LIFESTYLE,
12/06/2024,Waitrose,WAITROSE,GOOGLE PAY,-7.55,32812.51,GROCERIES,
12/06/2024,Pret A Manger,PRET A MANGER,APPLE PAY,-14.50,32798.01,EATING_OUT,
12/06/2024,Horsham District Counc,HORSHAM DISTRICT COUNC,ONLINE PAYMENT,-2.60,32795.41,BILLS_AND_SERVICES,
12/06/2024,Vitesse,ADV SAM 0066,FASTER PAYMENT,75.72,32871.13,INCOME,
13/06/2024,Places For People Leisure ,54425808A,DIRECT DEBIT,-22.10,32849.03,GENERAL,
13/06/2024,giffgaff,giffgaff,CARD SUBSCRIPTION,-10.00,32839.03,BILLS_AND_SERVICES,
13/06/2024,Amazon,AMAZON* 204-4414960-33,ONLINE PAYMENT,-21.95,32817.08,SHOPPING,
13/06/2024,Coffee Zone Burgess,COFFEE ZONE BURGESS HI,GOOGLE PAY,-5.10,32811.98,EATING_OUT,
13/06/2024,Amazon,AMAZON* 204-7264593-81,ONLINE PAYMENT,-6.95,32805.03,SHOPPING,
13/06/2024,McDonald's,MCDONALDS,APPLE PAY,-14.70,32790.33,EATING_OUT,
13/06/2024,The Garden Cafe,The Garden Cafe,GOOGLE PAY,-3.20,32787.13,EATING_OUT,
14/06/2024,Amazon,AMAZON* 204-4106568-66,ONLINE PAYMENT,-12.29,32774.84,SHOPPING,
14/06/2024,Caddiesgolf,CADDIES CRAWLEY,ONLINE PAYMENT,-63.85,32710.99,LIFESTYLE,
14/06/2024,Caddiesgolf,CADDIES CRAWLEY,ONLINE PAYMENT,-13.90,32697.09,LIFESTYLE,
14/06/2024,Amazon,amazon.co.uk*HV6QM9BT4,ONLINE PAYMENT,-12.99,32684.10,SHOPPING,
14/06/2024,Hawthorn Veterinary,HAWTHORN VETERINARY   ,APPLE PAY,-19.38,32664.72,BILLS_AND_SERVICES,
14/06/2024,Card Factory,CARD FACTORY,GOOGLE PAY,-4.37,32660.35,SHOPPING,
14/06/2024,Bhcc-Paybyphoneparking,66NWZRHJ0DTW 66NWZRHJ0,ONLINE PAYMENT,-1.70,32658.65,TRANSPORT,
14/06/2024,Twinpay,TWINPAY               ,ONLINE PAYMENT,-1.10,32657.55,TRANSPORT,
14/06/2024,Waitrose,WAITROSE 123,APPLE PAY,-9.00,32648.55,GROCERIES,
14/06/2024,Kids Stuff Market,KIDS STUFF LTD MARKET,GOOGLE PAY,-35.96,32612.59,SHOPPING,
14/06/2024,Spot On Oven Cleaning,Spot On Oven Cleaning ,APPLE PAY,-75.00,32537.59,BILLS_AND_SERVICES,
14/06/2024,Sustainaclean,SUSTAINACLEAN,ONLINE PAYMENT,-52.80,32484.79,BILLS_AND_SERVICES,
15/06/2024,Franks Diner,SQ *FRANKS DINER,APPLE PAY,-18.70,32466.09,GROCERIES,
15/06/2024,giffgaff,giffgaff,CARD SUBSCRIPTION,-20.00,32446.09,BILLS_AND_SERVICES,
15/06/2024,Fratello Pizza,Zettle_*Fratello Pizza,APPLE PAY,-34.50,32411.59,EATING_OUT,
15/06/2024,Twinpay,TWINPAY               ,APPLE PAY,-1.10,32410.49,TRANSPORT,
15/06/2024,Co-op Food,CO-OP GROUP FOOD,APPLE PAY,-9.25,32401.24,GROCERIES,
16/06/2024,Tom S Food,TOM S FOOD,GOOGLE PAY,-12.20,32389.04,GROCERIES,
16/06/2024,Amazon,WWW.AMAZON* 204-848149,ONLINE PAYMENT,-6.49,32382.55,SHOPPING,
16/06/2024,Wagamama,Wagamama Limited 264,ONLINE PAYMENT,-69.74,32312.81,EATING_OUT,
16/06/2024,Hawthorn Veterinary,HAWTHORN VETERINARY   ,APPLE PAY,-19.38,32293.43,BILLS_AND_SERVICES,
16/06/2024,Five Guys,FIVE GUYS CRAWLEY,GOOGLE PAY,-5.95,32287.48,EATING_OUT,
16/06/2024,Five Guys,FIVE GUYS CRAWLEY,APPLE PAY,-18.45,32269.03,EATING_OUT,
16/06/2024,Caddies Crawley .,Caddies Crawley Ltd.,APPLE PAY,-3.10,32265.93,LIFESTYLE,
17/06/2024,Bps Re Easy Direct Debits,MND005WZKJFMKN,DIRECT DEBIT,-23.00,32242.93,GENERAL,
17/06/2024,The Triangle,THE TRIANGLE,APPLE PAY,-19.34,32223.59,EATING_OUT,
17/06/2024,Ocado,OCADO                 ,ONLINE PAYMENT,-119.58,32104.01,GROCERIES,
17/06/2024,Twinpay,TWINPAY               ,APPLE PAY,-0.01,32104.00,TRANSPORT,
17/06/2024,Co-op Food,CO-OP GROUP FOOD,APPLE PAY,-16.55,32087.45,GROCERIES,
17/06/2024,Waitrose,WAITROSE 123,APPLE PAY,-2.80,32084.65,GROCERIES,
17/06/2024,Vitesse,ADV SAM 0066,FASTER PAYMENT,38.76,32123.41,INCOME,
17/06/2024,Burgess Hill,Pets Corner S132,APPLE PAY,-54.98,32068.43,GENERAL,
18/06/2024,Amazon,WWW.AMAZON* 204-247580,ONLINE PAYMENT,-15.57,32052.86,SHOPPING,
18/06/2024,Sustainaclean,SUSTAINACLEAN,ONLINE PAYMENT,-105.60,31947.26,BILLS_AND_SERVICES,
18/06/2024,Amazon,amazon.co.uk*HF2PO8374,ONLINE PAYMENT,-4.99,31942.27,SHOPPING,
19/06/2024,Curve,CRV*APPLE.COM BILL APP,ONLINE PAYMENT,-0.99,31941.28,SHOPPING,
19/06/2024,Applecare,APPLECARE UK,CARD SUBSCRIPTION,-8.99,31932.29,SHOPPING,
20/06/2024,Barclays Partner Finance,300 0120 733039747,DIRECT DEBIT,-49.95,31882.34,BILLS_AND_SERVICES,
20/06/2024,Faye Pollard,💩,FASTER PAYMENT,-72.50,31809.84,PAYMENTS,
20/06/2024,Tails,TAILS.COM,CARD SUBSCRIPTION,-242.14,31567.70,GROCERIES,
20/06/2024,Innovative Design Systems Ltd,J7478/FA,FASTER PAYMENT,-621.71,30945.99,PAYMENTS,
20/06/2024,Four Seasons Fuel Ltd,Coura001,FASTER PAYMENT,-345.74,30600.25,PAYMENTS,
21/06/2024,Google,GOOGLE *YouTubePremium,ONLINE PAYMENT,-18.12,30582.13,SHOPPING,
21/06/2024,Amazon,AMAZON* 204-8103289-99,ONLINE PAYMENT,-13.97,30568.16,SHOPPING,
21/06/2024,Amazon,WWW.AMAZON* 204-606873,ONLINE PAYMENT,-61.61,30506.55,SHOPPING,
21/06/2024,McDonald's,MCDONALDS,APPLE PAY,-10.21,30496.34,EATING_OUT,
21/06/2024,Coffee Zone Burgess,COFFEE ZONE BURGESS HI,GOOGLE PAY,-2.90,30493.44,EATING_OUT,
21/06/2024,Sustainaclean,SUSTAINACLEAN,ONLINE PAYMENT,-52.80,30440.64,BILLS_AND_SERVICES,
22/06/2024,Cowfold Medical Group,COWFOLD MEDICAL GROUP,GOOGLE PAY,-9.90,30430.74,BILLS_AND_SERVICES,
22/06/2024,Amazon,AMAZON* 204-3049463-35,ONLINE PAYMENT,-59.98,30370.76,SHOPPING,
22/06/2024,Renshinkankarate-Gb,RENSHINKANKARATE-GB,ONLINE PAYMENT,-78.66,30292.10,BILLS_AND_SERVICES,
22/06/2024,Pavilions In The Park Horsham,PAVILIONS IN THE PARK,APPLE PAY,-11.80,30280.30,LIFESTYLE,
22/06/2024,Amazon,AMAZON* 204-3023717-17,ONLINE PAYMENT,-12.95,30267.35,SHOPPING,
22/06/2024,Smol,SMOL LIMITED,CARD SUBSCRIPTION,-5.80,30261.55,SHOPPING,
22/06/2024,Starbucks Hickstead,STARBUCKS HICKSTEAD,GOOGLE PAY,-7.20,30254.35,GROCERIES,
23/06/2024,Amazon,AMAZON* 204-8834736-42,ONLINE PAYMENT,-13.59,30240.76,SHOPPING,
23/06/2024,Amazon,WWW.AMAZON* 204-461126,ONLINE PAYMENT,-15.53,30225.23,SHOPPING,
23/06/2024,Sumup *burgess Hill G,SumUp  *Burgess Hill G,GOOGLE PAY,-10.00,30215.23,GENERAL,
23/06/2024,Sumup *burgess Hill G,SumUp  *Burgess Hill G,GOOGLE PAY,-18.00,30197.23,GENERAL,
23/06/2024,Sumup *coffee Bike,SumUp  *Coffee Bike,GOOGLE PAY,-3.00,30194.23,GROCERIES,
23/06/2024,Sumup *michael Mcname,SumUp  *Michael McName,APPLE PAY,-5.50,30188.73,GROCERIES,
23/06/2024,Amazon,AMAZON* 026-4798050-72,CARD SUBSCRIPTION,-29.92,30158.81,SHOPPING,
23/06/2024,Amazon,WWW.AMAZON* 205-544626,CARD SUBSCRIPTION,-8.18,30150.63,SHOPPING,
23/06/2024,Horsham Service Statio,HORSHAM SERVICE STATIO,APPLE PAY,-111.57,30039.06,TRANSPORT,
23/06/2024,Tonibell Ice Cream,Tonibell Ice Cream    ,GOOGLE PAY,-6.00,30033.06,EATING_OUT,
23/06/2024,Crown Ices,CROWN ICES LTD,GOOGLE PAY,-6.50,30026.56,GROCERIES,
23/06/2024,Crown Ices,CROWN ICES LTD,GOOGLE PAY,-3.00,30023.56,GROCERIES,
23/06/2024,Amazon,amazon.co.uk*HM71T5OA4,ONLINE PAYMENT,-12.99,30010.57,SHOPPING,
23/06/2024,Christmas Trees C,The Macs Farm Camping,ONLINE PAYMENT,-82.50,29928.07,ENTERTAINMENT,
24/06/2024,Bps Re Easy Direct Debits,MND005WZKJFMKN,DIRECT DEBIT,-20.00,29908.07,GENERAL,
24/06/2024,Jumpin Fun,Jumpin Fun,APPLE PAY,-2.00,29906.07,ENTERTAINMENT,
24/06/2024,Jumpin Fun,Jumpin Fun,APPLE PAY,-10.50,29895.57,ENTERTAINMENT,
24/06/2024,Sp Theoddpods,SP WONKY COFFEE,CARD SUBSCRIPTION,-22.39,29873.18,GROCERIES,
24/06/2024,ULTIMATE AUTOCARE LIMITED,Cou001,FASTER PAYMENT,-527.77,29345.41,PAYMENTS,
24/06/2024,Ocado,OCADO                 ,ONLINE PAYMENT,-110.45,29234.96,GROCERIES,
24/06/2024,Deborah Frew,Penguins Teachers,FASTER PAYMENT,-30.00,29204.96,PAYMENTS,
24/06/2024,Amazon,AMAZON* 204-0622381-55,ONLINE PAYMENT,-7.42,29197.54,SHOPPING,
25/06/2024,GoCardless,VBDANCE-M8ZB6MFG35,DIRECT DEBIT,-10.00,29187.54,PAYMENTS,
25/06/2024,Sustainaclean,SUSTAINACLEAN,ONLINE PAYMENT,-105.60,29081.94,BILLS_AND_SERVICES,
25/06/2024,Drusillas Zoo,DRUSILLAS ZOO,CARD PAYMENT,-60.00,29021.94,ENTERTAINMENT,
25/06/2024,Netflix,Netflix.com,CARD SUBSCRIPTION,-17.99,29003.95,BILLS_AND_SERVICES,
26/06/2024,Places For People Leisure ,54578485A,DIRECT DEBIT,-3.00,29000.95,GENERAL,
26/06/2024,Curve,CRV*WWW.AMAZON* 206-26,ONLINE PAYMENT,-1.71,28999.24,SHOPPING,
26/06/2024,WH Smith,WH Smith Burgess Hill,GOOGLE PAY,-3.00,28996.24,SHOPPING,
26/06/2024,Bubblegum Balloons,BUBBLEGUM BALLOONS    ,ONLINE PAYMENT,-55.90,28940.34,GENERAL,
26/06/2024,Caffè Nero,CAFFE NERO BURGESS HIL,GOOGLE PAY,-5.95,28934.39,EATING_OUT,
27/06/2024,Amazon,AMAZON* 204-9687696-43,ONLINE PAYMENT,-46.98,28887.41,SHOPPING,
27/06/2024,Amazon,WWW.AMAZON* 204-898408,ONLINE PAYMENT,-13.90,28873.51,SHOPPING,
27/06/2024,Curve,CRV*WWW.AMAZON* 206-93,ONLINE PAYMENT,-8.07,28865.44,SHOPPING,
27/06/2024,Channel 4,CHANNEL 4,CARD SUBSCRIPTION,-3.99,28861.45,BILLS_AND_SERVICES,
27/06/2024,Horsham District Counc,HORSHAM DISTRICT COUNC,ONLINE PAYMENT,-1.10,28860.35,BILLS_AND_SERVICES,
27/06/2024,Stephen Couratier,Percent,TRANSFER,-5000.00,23860.35,PAYMENTS,
28/06/2024,Octopus Energy,A-E501D93A-002,DIRECT DEBIT,-300.00,23560.35,BILLS_AND_SERVICES,
28/06/2024,Amazon,AMAZON* 204-1443915-65,ONLINE PAYMENT,-463.31,23097.04,SHOPPING,
28/06/2024,Curve,CRV*WWW.AMAZON* 026-42,ONLINE PAYMENT,-13.68,23083.36,SHOPPING,
28/06/2024,Curve,CRV*VITL +441249477019,ONLINE PAYMENT,-7.45,23075.91,GROCERIES,
28/06/2024,Curve,CRV*VITL +441249477019,ONLINE PAYMENT,-14.95,23060.96,GROCERIES,
28/06/2024,Amazon,AMAZON* 204-6233201-51,ONLINE PAYMENT,-42.96,23018.00,SHOPPING,
28/06/2024,Amazon,WWW.AMAZON* 204-469929,ONLINE PAYMENT,-5.90,23012.10,SHOPPING,
28/06/2024,The Bull Inn,THE BULL INN,APPLE PAY,-18.15,22993.95,ENTERTAINMENT,
28/06/2024,Grind,GRIND & CO,CARD SUBSCRIPTION,-13.50,22980.45,EATING_OUT,
28/06/2024,Sustainaclean,SUSTAINACLEAN,ONLINE PAYMENT,-52.80,22927.65,BILLS_AND_SERVICES,
28/06/2024,Christmas Trees C,The Macs Farm Camping,ONLINE PAYMENT,-160.00,22767.65,ENTERTAINMENT,
29/06/2024,Cowfold Medical Group,COWFOLD MEDICAL GROUP,GOOGLE PAY,-9.90,22757.75,BILLS_AND_SERVICES,
29/06/2024,Curve,CRV*GOOGLER SESSION JU,ONLINE PAYMENT,-20.00,22737.75,BILLS_AND_SERVICES,
29/06/2024,Boots,BOOTS 1465,APPLE PAY,-30.26,22707.49,GENERAL,
29/06/2024,Card Factory,CARD FACTORY,GOOGLE PAY,-3.49,22704.00,SHOPPING,
29/06/2024,Mirafit,MIRAFIT               ,ONLINE PAYMENT,-74.90,22629.10,LIFESTYLE,
29/06/2024,Twinpay,TWINPAY               ,ONLINE PAYMENT,-1.10,22628.00,TRANSPORT,
29/06/2024,Waitrose,WAITROSE 123,GOOGLE PAY,-26.59,22601.41,GROCERIES,
29/06/2024,Kids Stuff Market,KIDS STUFF LTD MARKET,GOOGLE PAY,-7.98,22593.43,SHOPPING,
29/06/2024,Starbucks Hickstead,STARBUCKS HICKSTEAD,GOOGLE PAY,-3.05,22590.38,GROCERIES,
30/06/2024,Amazon,AMAZON* 204-3101830-26,ONLINE PAYMENT,-14.99,22575.39,SHOPPING,
30/06/2024,Amazon,AMAZON* 204-9377075-79,ONLINE PAYMENT,-20.99,22554.40,SHOPPING,
30/06/2024,Clip N Climb Crawley,Clip N Climb Crawley,APPLE PAY,-1.60,22552.80,LIFESTYLE,
30/06/2024,Clip N Climb Crawley,Clip N Climb Crawley,APPLE PAY,-14.70,22538.10,LIFESTYLE,
30/06/2024,Clip N Climb Crawley,Clip N Climb Crawley,APPLE PAY,-1.75,22536.35,LIFESTYLE,
30/06/2024,Clip N Climb Crawley,Clip N Climb Crawley,GOOGLE PAY,-3.80,22532.55,LIFESTYLE,
30/06/2024,Amazon,WWW.AMAZON* 204-263165,ONLINE PAYMENT,-7.55,22525.00,SHOPPING,
01/07/2024,Starling Bank,June Interest Earned,DEPOSIT INTEREST,13.10,22538.10,INCOME,
01/07/2024,Phc,19335 COURATIER,DIRECT DEBIT,-8.99,22529.11,GENERAL,
01/07/2024,Napo,MW43CMW,DIRECT DEBIT,-59.68,22469.43,GENERAL,
01/07/2024,PQA Academy,HAYW353036,DIRECT DEBIT,-46.00,22423.43,GENERAL,
01/07/2024,Apple App Store,APPLE.COM/BILL,CARD SUBSCRIPTION,-14.99,22408.44,ENTERTAINMENT,
01/07/2024,Apple App Store,APPLE.COM/BILL,CARD SUBSCRIPTION,-8.99,22399.45,ENTERTAINMENT,
01/07/2024,BT,GB26676055,DIRECT DEBIT,-76.65,22322.80,BILLS_AND_SERVICES,
01/07/2024,Horsham District Council,12873556,DIRECT DEBIT,-268.00,22054.80,TRANSPORT,
01/07/2024,Pristine Gardenz Ltd,3997,FASTER PAYMENT,-311.52,21743.28,PAYMENTS,
01/07/2024,Napo,MW43CMW,DIRECT DEBIT,-33.75,21709.53,GENERAL,
01/07/2024,Burgess Hill School For Girls Com,COU001,DIRECT DEBIT,-836.58,20872.95,NONE,
01/07/2024,eBay,eBay O*08-11761-66066,ONLINE PAYMENT,-5.38,20867.57,SHOPPING,
01/07/2024,Napo,MW43CMW,DIRECT DEBIT,-60.49,20807.08,GENERAL,
01/07/2024,Bps Re Peoplesfundraising,1698316166225,DIRECT DEBIT,-10.00,20797.08,GENERAL,
01/07/2024,Boots,BOOTS 1465,APPLE PAY,-5.40,20791.68,GENERAL,
01/07/2024,Boots,BOOTS 1465,GOOGLE PAY,-24.00,20767.68,GENERAL,
01/07/2024,The Triangle,THE TRIANGLE,GOOGLE PAY,-27.71,20739.97,EATING_OUT,
01/07/2024,The Triangle,THE TRIANGLE,GOOGLE PAY,-3.90,20736.07,EATING_OUT,
01/07/2024,Ocado,OCADO                 ,ONLINE PAYMENT,-130.48,20605.59,GROCERIES,
01/07/2024,Ocado,OCADO                 ,ONLINE PAYMENT,-46.27,20559.32,GROCERIES,
01/07/2024,Twinpay,TWINPAY               ,ONLINE PAYMENT,-1.10,20558.22,TRANSPORT,
01/07/2024,Waitrose,WAITROSE 123,GOOGLE PAY,-33.70,20524.52,GROCERIES,
01/07/2024,Martin Butler,June ,FASTER PAYMENT,-144.00,20380.52,PETS,
01/07/2024,Jennifer Anne Lees,JENNIFER ANNE LEES,FASTER PAYMENT,23000.00,43380.52,INCOME,
01/07/2024,Kiwico Inc.,"KiwiCo, Inc.",CARD SUBSCRIPTION,-28.44,43352.08,BILLS_AND_SERVICES,
01/07/2024,Amazon,AMAZON* 204-2167434-33,ONLINE PAYMENT,-10.99,43341.09,SHOPPING,
01/07/2024,Amazon,AMAZON* 204-5919273-17,ONLINE PAYMENT,-255.99,43085.10,SHOPPING,
02/07/2024,Sustainaclean,SUSTAINACLEAN,ONLINE PAYMENT,-105.60,42979.50,BILLS_AND_SERVICES,
02/07/2024,Costa Coffee,COSTA                 ,APPLE PAY,-10.54,42968.96,EATING_OUT,
02/07/2024,Twinpay,TWINPAY               ,APPLE PAY,-1.10,42967.86,TRANSPORT,
02/07/2024,Greggs,GREGGS PLC,APPLE PAY,-8.25,42959.61,EATING_OUT,
03/07/2024,GoCardless,VBDANCE-M8ZB6MFG35,DIRECT DEBIT,-17.40,42942.21,PAYMENTS,
03/07/2024,Amazon,WWW.AMAZON* 204-315695,ONLINE PAYMENT,-22.90,42919.31,SHOPPING,
03/07/2024,Loading Bar,Loading Bar,APPLE PAY,-20.00,42899.31,ENTERTAINMENT,
03/07/2024,Amazon,amazon.co.uk,CARD SUBSCRIPTION,-9.49,42889.82,SHOPPING,
03/07/2024,Curve,CRV*WOMEN IN GAMES +44,ONLINE PAYMENT,-10.00,42879.82,LIFESTYLE,
03/07/2024,Coffee Zone Burgess,COFFEE ZONE BURGESS HI,GOOGLE PAY,-2.90,42876.92,EATING_OUT,
03/07/2024,Ocado,OCADO                 ,ONLINE PAYMENT,4.10,42881.02,GROCERIES,
03/07/2024,Waitrose,WAITROSE,GOOGLE PAY,-6.75,42874.27,GROCERIES,
03/07/2024,Churchill Square Shopp,CHURCHILL SQUARE PARKI,APPLE PAY,-5.50,42868.77,TRANSPORT,
04/07/2024,GoCardless,BRUCESDOGDAY-H85HM,DIRECT DEBIT,-550.80,42317.97,PAYMENTS,
04/07/2024,Amazon,AMAZON* 204-1176310-77,ONLINE PAYMENT,-25.68,42292.29,SHOPPING,
04/07/2024,Amazon,amazon.co.uk*LQ7N83L65,ONLINE PAYMENT,-3.49,42288.80,SHOPPING,
05/07/2024,Curve,CRV*TwinPay,ONLINE PAYMENT,-1.10,42287.70,TRANSPORT,
05/07/2024,Amazon,AMAZON* 204-0685018-19,ONLINE PAYMENT,-17.99,42269.71,SHOPPING,
05/07/2024,Amazon,AMAZON* 204-2616637-59,ONLINE PAYMENT,-61.45,42208.26,SHOPPING,
05/07/2024,Co-op Food,CO-OP GROUP 310424,APPLE PAY,-23.00,42185.26,GROCERIES,
05/07/2024,Waitrose,WAITROSE 123,GOOGLE PAY,-19.19,42166.07,GROCERIES,
05/07/2024,Curve,CRV*TwinPay,ONLINE PAYMENT,-1.60,42164.47,TRANSPORT,
05/07/2024,Sustainaclean,SUSTAINACLEAN,ONLINE PAYMENT,-52.80,42111.67,BILLS_AND_SERVICES,
06/07/2024,Next,NEXT RETAIL LTD,GOOGLE PAY,-268.15,41843.52,SHOPPING,
06/07/2024,Smyths Toys Superstores,SMYTHS TOYS CRAWLEY,GOOGLE PAY,-33.95,41809.57,SHOPPING,
06/07/2024,Waitrose,WAITROSE 123,GOOGLE PAY,-22.35,41787.22,GROCERIES,
06/07/2024,Waitrose,WAITROSE 123,GOOGLE PAY,-6.30,41780.92,GROCERIES,
06/07/2024,Waitrose,WAITROSE 123,GOOGLE PAY,-7.60,41773.32,GROCERIES,
06/07/2024,Greggs,GREGGS PLC,APPLE PAY,-7.20,41766.12,EATING_OUT,
06/07/2024,Amazon,AMAZON* 204-4505713-31,ONLINE PAYMENT,-19.95,41746.17,SHOPPING,
07/07/2024,Toms Food,TOMS FOOD,GOOGLE PAY,-12.20,41733.97,EATING_OUT,
07/07/2024,Amazon,AMAZON* 204-0294686-75,ONLINE PAYMENT,-7.99,41725.98,SHOPPING,
07/07/2024,Beachview Cafe,Beachview Cafe,GOOGLE PAY,-6.60,41719.38,EATING_OUT,
07/07/2024,Beachview Cafe,Beachview Cafe,APPLE PAY,-5.00,41714.38,EATING_OUT,
07/07/2024,Amazon,amazon.co.uk*IJ4XH84S5,ONLINE PAYMENT,-5.99,41708.39,SHOPPING,
07/07/2024,Amazon,amazon.co.uk*8L3RL9HG5,ONLINE PAYMENT,-2.99,41705.40,SHOPPING,
07/07/2024,Amazon,amazon.co.uk*9Z58X3UT5,ONLINE PAYMENT,-2.99,41702.41,SHOPPING,
07/07/2024,Amazon,AMAZON* 204-6215921-95,ONLINE PAYMENT,-97.32,41605.09,SHOPPING,
07/07/2024,3krows,Zettle_*3KROWS LTD,GOOGLE PAY,-15.50,41589.59,EATING_OUT,
07/07/2024,Sumup *jj & M Cohen C,SumUp  *JJ & M Cohen C,GOOGLE PAY,-3.00,41586.59,EATING_OUT,
07/07/2024,Ivs Group Limi,Zettle_*IVS GROUP LIMI,GOOGLE PAY,-51.00,41535.59,SHOPPING,
07/07/2024,Churchill Square Shopp,CHURCHILL SQUARE PARKI,GOOGLE PAY,-8.00,41527.59,TRANSPORT,
07/07/2024,Peter Shayler,Peter Shayler,GOOGLE PAY,-10.00,41517.59,EATING_OUT,
07/07/2024,Peter Shayler,Peter Shayler,GOOGLE PAY,-10.00,41507.59,EATING_OUT,
08/07/2024,Trespass Horsham,Trespass Horsham,GOOGLE PAY,-50.37,41457.22,SHOPPING,
08/07/2024,Card Factory,CARD FACTORY,GOOGLE PAY,-8.96,41448.26,SHOPPING,
08/07/2024,The Triangle,THE TRIANGLE,APPLE PAY,-17.18,41431.08,EATING_OUT,
08/07/2024,Horsham Service Statio,HORSHAM SERVICE STATIO,GOOGLE PAY,-6.25,41424.83,TRANSPORT,
08/07/2024,Ocado,OCADO                 ,ONLINE PAYMENT,-139.24,41285.59,GROCERIES,
08/07/2024,Claire's Accessories,CLAIRE'S ACCESSORIES,GOOGLE PAY,-47.70,41237.89,SHOPPING,
08/07/2024,Horsham District Counc,HORSHAM DISTRICT COUNC,ONLINE PAYMENT,-1.70,41236.19,BILLS_AND_SERVICES,
08/07/2024,Amazon,AMAZON* 204-6669790-58,ONLINE PAYMENT,-60.49,41175.70,SHOPPING,
09/07/2024,Sustainaclean,SUSTAINACLEAN,ONLINE PAYMENT,-105.60,41070.10,BILLS_AND_SERVICES,
09/07/2024,Amazon,AMAZON* 204-1436037-84,ONLINE PAYMENT,-25.48,41044.62,SHOPPING,
09/07/2024,Smol,SMOL LIMITED,CARD SUBSCRIPTION,-6.30,41038.32,SHOPPING,
09/07/2024,J P Boden And Co,J P Boden and Co Ltd,ONLINE PAYMENT,-140.00,40898.32,SHOPPING,
10/07/2024,Places For People Leisure ,54561456A,DIRECT DEBIT,-49.00,40849.32,GENERAL,
10/07/2024,Amazon,AMAZON* 204-7744210-47,ONLINE PAYMENT,-12.59,40836.73,SHOPPING,
10/07/2024,Amazon,AMAZON* 204-8434334-90,ONLINE PAYMENT,-6.99,40829.74,SHOPPING,
10/07/2024,Amazon,WWW.AMAZON* 204-821535,ONLINE PAYMENT,-14.85,40814.89,SHOPPING,
10/07/2024,Gtr Parking Connect Ec,GTR PARKING CONNECT EC,ONLINE PAYMENT,-11.30,40803.59,TRANSPORT,
10/07/2024,Amazon,AMAZON* 204-0771634-77,ONLINE PAYMENT,-20.87,40782.72,SHOPPING,
10/07/2024,Amazon,WWW.AMAZON* 204-912924,ONLINE PAYMENT,-11.43,40771.29,SHOPPING,
10/07/2024,Waitrose,WAITROSE 873,GOOGLE PAY,-28.20,40743.09,GROCERIES,
10/07/2024,Smol,SMOL LIMITED,CARD SUBSCRIPTION,-5.80,40737.29,SHOPPING,
10/07/2024,Nando's,NANDOS.CO.UK,APPLE PAY,-21.20,40716.09,EATING_OUT,
11/07/2024,Hawthornvets,WWW.HAWTHORNVETS.CO.UK,ONLINE PAYMENT,-444.00,40272.09,BILLS_AND_SERVICES,
11/07/2024,Next,NEXT RETAIL LTD,APPLE PAY,-10.50,40261.59,SHOPPING,
11/07/2024,Places Leisure,PLACES LEISURE,ONLINE PAYMENT,-8.75,40252.84,LIFESTYLE,
11/07/2024,Boots,"BOOTS,HORSHAM",APPLE PAY,-16.61,40236.23,GENERAL,
11/07/2024,Gtr Parking Connect Ec,GTR PARKING CONNECT EC,ONLINE PAYMENT,-11.30,40224.93,TRANSPORT,
11/07/2024,Apple App Store,APPLE.COM/BILL,CARD SUBSCRIPTION,-12.99,40211.94,ENTERTAINMENT,
11/07/2024,Horsham District Counc,HORSHAM DISTRICT COUNC,ONLINE PAYMENT,-2.60,40209.34,BILLS_AND_SERVICES,
12/07/2024,Gtr Parking Connect Ec,GTR PARKING CONNECT EC,ONLINE PAYMENT,-11.30,40198.04,TRANSPORT,
12/07/2024,Amazon,AMAZON* 204-5609633-41,ONLINE PAYMENT,-7.97,40190.07,SHOPPING,
12/07/2024,Amazon,AMAZON* 204-8974425-91,ONLINE PAYMENT,-16.19,40173.88,SHOPPING,
12/07/2024,Sustainaclean,SUSTAINACLEAN,ONLINE PAYMENT,-52.80,40121.08,BILLS_AND_SERVICES,
12/07/2024,Feed The Events Lt,SQ *FEED THE EVENTS LT,GOOGLE PAY,-41.30,40079.78,GROCERIES,
13/07/2024,Pbkt,SQ *PBKT LIMITED,GOOGLE PAY,-23.10,40056.68,GROCERIES,
13/07/2024,Ageas Bowl Kiosk Bar,Speed Mobile Bars,GOOGLE PAY,-7.65,40049.03,ENTERTAINMENT,
13/07/2024,Cec Ice Cream,CEC ICE CREAM,GOOGLE PAY,-10.00,40039.03,EATING_OUT,
13/07/2024,Amazon Marketplace,AMZNMktplace*YU2XR7GA5,ONLINE PAYMENT,-13.98,40025.05,SHOPPING,
13/07/2024,giffgaff,giffgaff,CARD SUBSCRIPTION,-10.00,40015.05,BILLS_AND_SERVICES,
13/07/2024,Bleep By The K,Zettle_*bleep by the k,GOOGLE PAY,-32.70,39982.35,SHOPPING,
13/07/2024,Ssp Uk,SSP UK LTD,GOOGLE PAY,-3.90,39978.45,EATING_OUT,
13/07/2024,Cec Ice Cream,CEC ICE CREAM,APPLE PAY,-11.00,39967.45,EATING_OUT,
15/07/2024,Places For People Leisure ,54425808A,DIRECT DEBIT,-79.00,39888.45,GENERAL,
15/07/2024,Bps Re Easy Direct Debits,MND005WZKJFMKN,DIRECT DEBIT,-23.00,39865.45,GENERAL,
15/07/2024,giffgaff,giffgaff,CARD SUBSCRIPTION,-20.00,39845.45,BILLS_AND_SERVICES,
15/07/2024,Tesco,TESCO STORES 2163,GOOGLE PAY,-50.75,39794.70,GROCERIES,
15/07/2024,Amazon,AMAZON* 204-7578100-60,ONLINE PAYMENT,-3.99,39790.71,SHOPPING,
15/07/2024,The Woolpack Pub,THE WOOLPACK PUB      ,GOOGLE PAY,-67.20,39723.51,EATING_OUT,
15/07/2024,Goodwood,WWW.GOODWOOD.COM,ONLINE PAYMENT,-427.75,39295.76,ENTERTAINMENT,
15/07/2024,Jennifer Lees,interest,TRANSFER,-4000.00,35295.76,PAYMENTS,
15/07/2024,Ocado,OCADO                 ,ONLINE PAYMENT,-116.27,35179.49,GROCERIES,
15/07/2024,John Lewis,WWW.JOHNLEWIS.COM,ONLINE PAYMENT,-54.90,35124.59,SHOPPING,
15/07/2024,The Garden Cafe,The Garden Cafe,GOOGLE PAY,-3.80,35120.79,EATING_OUT,
16/07/2024,Sustainaclean,SUSTAINACLEAN,ONLINE PAYMENT,-105.60,35015.19,BILLS_AND_SERVICES,
16/07/2024,Bhcc-Paybyphoneparking,2VG27NNVAWF5 2VG27NNVA,ONLINE PAYMENT,-1.70,35013.49,TRANSPORT,
16/07/2024,Eb *arctangent,EB *PRIDE FAMILY DAY 2,ONLINE PAYMENT,-12.41,35001.08,BILLS_AND_SERVICES,
17/07/2024,Amazon,AMAZON* 204-3927621-20,ONLINE PAYMENT,-12.95,34988.13,SHOPPING,
17/07/2024,Gtr Parking Connect Ec,GTR PARKING CONNECT EC,ONLINE PAYMENT,-11.30,34976.83,TRANSPORT,
17/07/2024,Curve,CRV*BLIZZARD ENTERTAIN,ONLINE PAYMENT,-69.99,34906.84,SHOPPING,
17/07/2024,B&Q,B & Q 1212,APPLE PAY,-348.15,34558.69,SHOPPING,
17/07/2024,Co-op Food,CO-OP GROUP FOOD,APPLE PAY,-3.25,34555.44,GROCERIES,
18/07/2024,Tesco,TESCO STORES 2163,APPLE PAY,-74.95,34480.49,GROCERIES,
18/07/2024,Gtr Parking Connect Ec,GTR PARKING CONNECT EC,ONLINE PAYMENT,-11.30,34469.19,TRANSPORT,
18/07/2024,Horsham Service Statio,HORSHAM SERVICE STATIO,APPLE PAY,-103.44,34365.75,TRANSPORT,
18/07/2024,Autoglass,AUTOGLASS,ONLINE PAYMENT,-25.00,34340.75,GENERAL,
18/07/2024,McDonald's,MCDONALDS,APPLE PAY,-8.23,34332.52,EATING_OUT,
18/07/2024,Amazon,AMAZON* 204-9119249-92,ONLINE PAYMENT,-7.98,34324.54,SHOPPING,
18/07/2024,Amazon,AMAZON* 204-9952797-21,ONLINE PAYMENT,-17.93,34306.61,SHOPPING,
19/07/2024,Amazon,AMAZON* 204-0305860-64,ONLINE PAYMENT,-25.49,34281.12,SHOPPING,
19/07/2024,Amazon,AMAZON* 204-7197086-34,ONLINE PAYMENT,-6.99,34274.13,SHOPPING,
19/07/2024,Amazon,AMAZON* 204-9162914-78,ONLINE PAYMENT,-119.99,34154.14,SHOPPING,
19/07/2024,Curve,CRV*APPLE.COM BILL APP,ONLINE PAYMENT,-0.99,34153.15,SHOPPING,
19/07/2024,Simplycook,SimplyCook,CARD SUBSCRIPTION,-11.78,34141.37,GROCERIES,
19/07/2024,Sustainaclean,SUSTAINACLEAN,ONLINE PAYMENT,-52.80,34088.57,BILLS_AND_SERVICES,
19/07/2024,Applecare,APPLECARE UK,CARD SUBSCRIPTION,-8.99,34079.58,SHOPPING,
19/07/2024,Fresha Uk,Endless Hair Creations,ONLINE PAYMENT,-117.00,33962.58,ENTERTAINMENT,
20/07/2024,Sp Octopusenergy,SP OCTOPUSENERGY,ONLINE PAYMENT,-8.00,33954.58,SHOPPING,
20/07/2024,B&Q,B & Q 1212,APPLE PAY,-27.00,33927.58,SHOPPING,
20/07/2024,Petek's On The Park,Petek's on the Park,GOOGLE PAY,-5.70,33921.88,EATING_OUT,
21/07/2024,Google,GOOGLE *YouTubePremium,ONLINE PAYMENT,-17.82,33904.06,SHOPPING,
21/07/2024,Amazon,WWW.AMAZON* 204-429219,ONLINE PAYMENT,-6.99,33897.07,SHOPPING,
21/07/2024,Petek's On The Park,Petek's on the Park,GOOGLE PAY,-6.30,33890.77,EATING_OUT,
21/07/2024,Fresha Uk,Endless Hair Creations,ONLINE PAYMENT,-15.00,33875.77,ENTERTAINMENT,
22/07/2024,Bps Re Easy Direct Debits,MND005WZKJFMKN,DIRECT DEBIT,-20.00,33855.77,GENERAL,
22/07/2024,Barclays Partner Finance,300 0120 733039747,DIRECT DEBIT,-49.95,33805.82,BILLS_AND_SERVICES,
22/07/2024,Tesco,TESCO STORES 2163,APPLE PAY,-10.49,33795.33,GROCERIES,
22/07/2024,Amazon,AMAZON* 204-0527746-17,ONLINE PAYMENT,-16.81,33778.52,SHOPPING,
22/07/2024,Amazon,AMAZON* 204-5025081-63,ONLINE PAYMENT,-23.99,33754.53,SHOPPING,
22/07/2024,Amazon,AMAZON* 204-5983511-43,ONLINE PAYMENT,-19.98,33734.55,SHOPPING,
22/07/2024,Amazon,WWW.AMAZON* 205-477737,CARD SUBSCRIPTION,-11.04,33723.51,SHOPPING,
22/07/2024,Ocado,OCADO                 ,ONLINE PAYMENT,-160.48,33563.03,GROCERIES,
22/07/2024,Domino's Pizza,Domino s Pizza,APPLE PAY,-50.48,33512.55,EATING_OUT,
22/07/2024,The Triangle,THE TRIANGLE,APPLE PAY,-17.09,33495.46,EATING_OUT,
22/07/2024,The Triangle,THE TRIANGLE,APPLE PAY,-1.50,33493.96,EATING_OUT,
22/07/2024,Tails,TAILS.COM,CARD SUBSCRIPTION,-242.14,33251.82,GROCERIES,
23/07/2024,Cowfold Medical Group,COWFOLD MEDICAL GROUP,GOOGLE PAY,-9.90,33241.92,BILLS_AND_SERVICES,
23/07/2024,Amazon,AMAZON* 204-5952412-49,ONLINE PAYMENT,-12.96,33228.96,SHOPPING,
23/07/2024,Amazon,AMAZON* 204-6543150-63,ONLINE PAYMENT,-41.57,33187.39,SHOPPING,
23/07/2024,Amazon,AMAZON* 204-9223886-97,ONLINE PAYMENT,-106.49,33080.90,SHOPPING,
23/07/2024,Sustainaclean,SUSTAINACLEAN,ONLINE PAYMENT,-105.60,32975.30,BILLS_AND_SERVICES,
23/07/2024,Amazon,WWW.AMAZON* 204-089833,ONLINE PAYMENT,-7.37,32967.93,SHOPPING,
23/07/2024,Sp Toby Tiger Uk Ret,TOBY TIGER UK RET,ONLINE PAYMENT,-52.37,32915.56,SHOPPING,
23/07/2024,E/tunnel Internet,LE SHUTTLE 1991,ONLINE PAYMENT,-299.00,32616.56,TRANSPORT,
23/07/2024,Amazon,AMAZON* 204-7133477-72,ONLINE PAYMENT,-11.00,32605.56,SHOPPING,
23/07/2024,Able damp and preservation specialist,Rds10146,FASTER PAYMENT,-36.00,32569.56,PAYMENTS,
24/07/2024,Amazon,AMAZON* 204-5844481-30,ONLINE PAYMENT,-62.57,32506.99,SHOPPING,
24/07/2024,Gtr Parking Connect Ec,GTR PARKING CONNECT EC,ONLINE PAYMENT,-11.30,32495.69,TRANSPORT,
24/07/2024,B&Q,B & Q 1212,APPLE PAY,-80.66,32415.03,SHOPPING,
24/07/2024,Waitrose,WAITROSE 873,GOOGLE PAY,-6.90,32408.13,GROCERIES,
24/07/2024,E/tunnel Internet,LE SHUTTLE 1991,ONLINE PAYMENT,-35.00,32373.13,TRANSPORT,
25/07/2024,Leonardsleegardens,WWW.LEONARDSLEEGARDENS,ONLINE PAYMENT,-12.50,32360.63,SHOPPING,
25/07/2024,Gtr Parking Connect Ec,GTR PARKING CONNECT EC,ONLINE PAYMENT,-11.30,32349.33,TRANSPORT,
25/07/2024,Amazon,AMAZON* 204-5035470-81,ONLINE PAYMENT,-24.98,32324.35,SHOPPING,
25/07/2024,Amazon,AMAZON* 204-8944333-95,ONLINE PAYMENT,-7.99,32316.36,SHOPPING,
25/07/2024,Waitrose,WAITROSE 873,GOOGLE PAY,-53.10,32263.26,GROCERIES,
25/07/2024,Netflix,Netflix.com,CARD SUBSCRIPTION,-17.99,32245.27,BILLS_AND_SERVICES,
25/07/2024,McDonald's,MCDONALDS,APPLE PAY,-13.36,32231.91,EATING_OUT,
26/07/2024,Places For People Leisure ,54578485A,DIRECT DEBIT,-3.00,32228.91,GENERAL,
26/07/2024,Amazon,amazon.co.uk*LV4A67O15,ONLINE PAYMENT,-5.99,32222.92,SHOPPING,
26/07/2024,Gtr Parking Connect Ec,GTR PARKING CONNECT EC,ONLINE PAYMENT,-11.30,32211.62,TRANSPORT,
26/07/2024,Waitrose,WAITROSE,GOOGLE PAY,-3.95,32207.67,GROCERIES,
26/07/2024,Curve,CRV*WWW.AMAZON* 206-86,ONLINE PAYMENT,-1.61,32206.06,SHOPPING,
26/07/2024,Curve,CRV*WWW.AMAZON* 202-61,ONLINE PAYMENT,-2.55,32203.51,SHOPPING,
26/07/2024,Curve,CRV*WWW.AMAZON* 026-12,ONLINE PAYMENT,-12.24,32191.27,SHOPPING,
26/07/2024,Curve,CRV*BLIZZARD ENTERTAIN,ONLINE PAYMENT,-17.99,32173.28,SHOPPING,
26/07/2024,Grind,GRIND & CO,CARD SUBSCRIPTION,-13.50,32159.78,EATING_OUT,
26/07/2024,Sustainaclean,SUSTAINACLEAN,ONLINE PAYMENT,-52.80,32106.98,BILLS_AND_SERVICES,
27/07/2024,Amazon,AMAZON* 026-2440220-40,CARD SUBSCRIPTION,-20.89,32086.09,SHOPPING,
27/07/2024,Amazon,AMAZON* 204-3592980-00,ONLINE PAYMENT,-9.99,32076.10,SHOPPING,
27/07/2024,Amazon,AMAZON* 204-8604033-34,ONLINE PAYMENT,-8.98,32067.12,SHOPPING,
27/07/2024,Amazon,AMAZON* 204-7704108-56,ONLINE PAYMENT,-7.94,32059.18,SHOPPING,
27/07/2024,Amazon,amazon.co.uk*MH5B97O35,ONLINE PAYMENT,-3.28,32055.90,SHOPPING,
28/07/2024,Amazon Marketplace,AMZNMktplace*M24PY61L5,ONLINE PAYMENT,-29.78,32026.12,SHOPPING,
28/07/2024,Backblaze,BACKBLAZE INC,ONLINE PAYMENT,-176.54,31849.58,BILLS_AND_SERVICES,
28/07/2024,Curve,CRV*VITL +441249477019,ONLINE PAYMENT,-14.95,31834.63,GROCERIES,
28/07/2024,Curve,CRV*VITL +441249477019,ONLINE PAYMENT,-7.45,31827.18,GROCERIES,
28/07/2024,Amazon,WWW.AMAZON* 202-981213,CARD SUBSCRIPTION,-8.92,31818.26,SHOPPING,
28/07/2024,Amazon Marketplace,AMZNMktplace*972LU08R5,ONLINE PAYMENT,-44.94,31773.32,SHOPPING,
29/07/2024,Octopus Energy,A-E501D93A-002,DIRECT DEBIT,-300.00,31473.32,BILLS_AND_SERVICES,
29/07/2024,BT,GB26676055,DIRECT DEBIT,-80.52,31392.80,BILLS_AND_SERVICES,
29/07/2024,Smol,SMOL LIMITED,CARD SUBSCRIPTION,-5.80,31387.00,SHOPPING,
29/07/2024,The Woolpack Pub,THE WOOLPACK PUB      ,APPLE PAY,-3.75,31383.25,EATING_OUT,
29/07/2024,The Woolpack Pub,THE WOOLPACK PUB      ,APPLE PAY,-34.25,31349.00,EATING_OUT,
29/07/2024,The Triangle,THE TRIANGLE,GOOGLE PAY,-6.60,31342.40,EATING_OUT,
29/07/2024,Ocado,OCADO                 ,ONLINE PAYMENT,-174.60,31167.80,GROCERIES,
29/07/2024,Channel 4,CHANNEL 4,CARD SUBSCRIPTION,-3.99,31163.81,BILLS_AND_SERVICES,
29/07/2024,Etsy,Etsy.com*LittlePickleD,ONLINE PAYMENT,-3.60,31160.21,SHOPPING,
29/07/2024,Etsy,Etsy.com*Thatsnicethat,ONLINE PAYMENT,-15.92,31144.29,SHOPPING,
29/07/2024,Decathlon Uk,Decathlon UK Limited,ONLINE PAYMENT,-113.46,31030.83,LIFESTYLE,
30/07/2024,GoCardless,VBDANCE-M8ZB6MFG35,DIRECT DEBIT,-59.40,30971.43,PAYMENTS,
30/07/2024,Sustainaclean,SUSTAINACLEAN,ONLINE PAYMENT,-105.60,30865.83,BILLS_AND_SERVICES,
30/07/2024,Octopusenergy,OCTOPUSENERGY,ONLINE PAYMENT,-28.00,30837.83,SHOPPING,
30/07/2024,Amazon,amazon.co.uk*M906P0V35,ONLINE PAYMENT,-3.99,30833.84,SHOPPING,
31/07/2024,Apple App Store,APPLE.COM/BILL,CARD SUBSCRIPTION,-8.99,30824.85,ENTERTAINMENT,
31/07/2024,Amazon,AMAZON* 204-8323131-24,ONLINE PAYMENT,-35.89,30788.96,SHOPPING,
31/07/2024,Amazon,WWW.AMAZON* 204-513547,ONLINE PAYMENT,-5.50,30783.46,SHOPPING,
31/07/2024,Amazon,WWW.AMAZON* 204-663236,ONLINE PAYMENT,-7.99,30775.47,SHOPPING,
31/07/2024,Alsford Timber,ALSFORD TIMBER LTD,APPLE PAY,-46.78,30728.69,BILLS_AND_SERVICES,
31/07/2024,Gtr Parking Connect Ec,GTR PARKING CONNECT EC,ONLINE PAYMENT,-11.30,30717.39,TRANSPORT,
31/07/2024,Amazon,amazon.co.uk*S60FQ4RB5,ONLINE PAYMENT,-4.99,30712.40,SHOPPING,
31/07/2024,Amazon,amazon.co.uk*3X6JY6JY5,ONLINE PAYMENT,-6.99,30705.41,SHOPPING,
31/07/2024,Amazon,amazon.co.uk*9H8DD4SR5,ONLINE PAYMENT,-5.99,30699.42,SHOPPING,
31/07/2024,Martin Butler,July,FASTER PAYMENT,-252.00,30447.42,PETS,
31/07/2024,McDonald's,MCDONALDS,APPLE PAY,-15.95,30431.47,EATING_OUT,
01/08/2024,Starling Bank,July Interest Earned,DEPOSIT INTEREST,13.55,30445.02,INCOME,
01/08/2024,Phc,19335 COURATIER,DIRECT DEBIT,-8.99,30436.03,GENERAL,
01/08/2024,Napo,MW43CMW,DIRECT DEBIT,-60.49,30375.54,GENERAL,
01/08/2024,Horsham District Council,12873556,DIRECT DEBIT,-268.00,30107.54,TRANSPORT,
01/08/2024,Apple App Store,APPLE.COM/BILL,CARD SUBSCRIPTION,-14.99,30092.55,ENTERTAINMENT,
01/08/2024,PQA Academy,HAYW353036,DIRECT DEBIT,-46.00,30046.55,GENERAL,
01/08/2024,Bps Re Peoplesfundraising,1698316166225,DIRECT DEBIT,-10.00,30036.55,GENERAL,
01/08/2024,Pristine Gardenz Ltd,3997,FASTER PAYMENT,-311.52,29725.03,PAYMENTS,
01/08/2024,Napo,MW43CMW,DIRECT DEBIT,-33.75,29691.28,GENERAL,
01/08/2024,Napo,MW43CMW,DIRECT DEBIT,-59.68,29631.60,GENERAL,
01/08/2024,Jennifer Anne Lees,JENNIFER ANNE LEES,FASTER PAYMENT,20000.00,49631.60,INCOME,
01/08/2024,Co-op Food,CO-OP GROUP FOOD,APPLE PAY,-7.70,49623.90,GROCERIES,
01/08/2024,Co-op Food,CO-OP GROUP FOOD,APPLE PAY,-14.10,49609.80,GROCERIES,
01/08/2024,Amazon,AMAZON* 204-4969613-19,ONLINE PAYMENT,-85.26,49524.54,SHOPPING,
01/08/2024,Kiwico Inc.,"KiwiCo, Inc.",ONLINE PAYMENT,-27.99,49496.55,BILLS_AND_SERVICES,
02/08/2024,Amazon,AMAZON* 204-0230087-04,ONLINE PAYMENT,-19.38,49477.17,SHOPPING,
02/08/2024,Amazon,AMAZON* 204-1874577-53,ONLINE PAYMENT,-49.99,49427.18,SHOPPING,
02/08/2024,Amazon,AMAZON* 204-5557966-53,ONLINE PAYMENT,-54.48,49372.70,SHOPPING,
02/08/2024,Amazon,WWW.AMAZON* 204-269642,ONLINE PAYMENT,-13.13,49359.57,SHOPPING,
02/08/2024,Hawthornvets,WWW.HAWTHORNVETS.CO.UK,ONLINE PAYMENT,-60.00,49299.57,BILLS_AND_SERVICES,
02/08/2024,Able damp and preservation specialist,Couratier,FASTER PAYMENT,-465.00,48834.57,PAYMENTS,
02/08/2024,Sainsbury's,SAINSBURYS S/MKTS,GOOGLE PAY,-130.82,48703.75,GROCERIES,
02/08/2024,Starbucks,STARBUCKS,GOOGLE PAY,-6.25,48697.50,EATING_OUT,
02/08/2024,Sustainaclean,SUSTAINACLEAN,ONLINE PAYMENT,-52.80,48644.70,BILLS_AND_SERVICES,
02/08/2024,The Black Duck,The Black Duck,GOOGLE PAY,-7.30,48637.40,EATING_OUT,
03/08/2024,Amazon,amazon.co.uk,CARD SUBSCRIPTION,-9.49,48627.91,SHOPPING,
03/08/2024,Amazon Marketplace,AMZNMktplace*0H76C3HY5,ONLINE PAYMENT,-17.98,48609.93,SHOPPING,
03/08/2024,Cloud9brighton,Cloud9Brighton,GOOGLE PAY,-3.30,48606.63,EATING_OUT,
04/08/2024,Southern Railway,ON TRACK - SOUTHERN RA,ONLINE PAYMENT,-5.90,48600.73,TRANSPORT,
04/08/2024,Cult Pens,CULT PENS,ONLINE PAYMENT,-304.00,48296.73,SHOPPING,
04/08/2024,Amazon,AMAZON* CK6HM4SQ5,ONLINE PAYMENT,-8.99,48287.74,SHOPPING,
04/08/2024,Belgian Chips Queens R,Belgian Chips Queens R,APPLE PAY,-2.50,48285.24,EATING_OUT,
04/08/2024,Belgian Chips Queens R,Belgian Chips Queens R,APPLE PAY,-8.00,48277.24,EATING_OUT,
04/08/2024,Salvage Gifts,Salvage Gifts,GOOGLE PAY,-4.00,48273.24,SHOPPING,
04/08/2024,Amazon,amazon.co.uk*SY29G4PZ5,ONLINE PAYMENT,-7.99,48265.25,SHOPPING,
04/08/2024,Amazon,amazon.co.uk*VX0IY2175,ONLINE PAYMENT,-9.99,48255.26,SHOPPING,
04/08/2024,DP Cappuccino Espresso,FCB COFFEE            ,APPLE PAY,-11.65,48243.61,EATING_OUT,
04/08/2024,DP Cappuccino Espresso,FCB COFFEE            ,GOOGLE PAY,-4.20,48239.41,EATING_OUT,
04/08/2024,Junior Edition,JUNIOR EDITION        ,GOOGLE PAY,-40.99,48198.42,SHOPPING,
04/08/2024,Sumup *robin Gray,SumUp  *Robin Gray - P,APPLE PAY,-2.00,48196.42,SHOPPING,
04/08/2024,Amazon Marketplace,AMZNMktplace*D17IH7015,ONLINE PAYMENT,-44.46,48151.96,SHOPPING,
04/08/2024,One Shop,Zettle_*One shop,GOOGLE PAY,-1.30,48150.66,GROCERIES,
04/08/2024,Jaffe UK Services Ltd,VT-UK-24-2854,FASTER PAYMENT,-1557.50,46593.16,EXPENSES,
05/08/2024,GoCardless,BRUCESDOGDAY-H85HM,DIRECT DEBIT,-723.60,45869.56,PAYMENTS,
05/08/2024,Amazon Marketplace,AMZNMktplace*XO4268XA5,ONLINE PAYMENT,-27.98,45841.58,SHOPPING,
05/08/2024,Decathlon Uk,Decathlon UK Limited,ONLINE PAYMENT,-127.90,45713.68,LIFESTYLE,
05/08/2024,The Triangle,THE TRIANGLE,APPLE PAY,-8.55,45705.13,EATING_OUT,
05/08/2024,The Triangle,THE TRIANGLE,APPLE PAY,-18.39,45686.74,EATING_OUT,
05/08/2024,Gtr Parking Connect Ec,GTR PARKING CONNECT EC,ONLINE PAYMENT,-5.00,45681.74,TRANSPORT,
05/08/2024,Kids Stuff Market,KIDS STUFF LTD MARKET,APPLE PAY,-78.15,45603.59,SHOPPING,
05/08/2024,Amazon Eu,Amazon.co.uk*BV68F9FE5,ONLINE PAYMENT,-18.00,45585.59,SHOPPING,
05/08/2024,Ocado,OCADO                 ,ONLINE PAYMENT,-154.33,45431.26,GROCERIES,
05/08/2024,Twinpay,TWINPAY               ,APPLE PAY,-1.10,45430.16,TRANSPORT,
05/08/2024,Waitrose,WAITROSE 123,APPLE PAY,-5.60,45424.56,GROCERIES,
05/08/2024,Amazon,AMAZON* D05CE01S5,ONLINE PAYMENT,-22.99,45401.57,SHOPPING,
05/08/2024,Amazon Eu,Amazon.co.uk*2Z7O349D5,ONLINE PAYMENT,-33.00,45368.57,SHOPPING,
06/08/2024,Awp P&c,1UK000000000285835,DIRECT DEBIT,-4.34,45364.23,GENERAL,
06/08/2024,Sustainaclean,SUSTAINACLEAN,ONLINE PAYMENT,-105.60,45258.63,BILLS_AND_SERVICES,
06/08/2024,Amazon Marketplace,AMZNMktplace*6X11G67U5,ONLINE PAYMENT,-14.99,45243.64,SHOPPING,
06/08/2024,Tesco Petrol,TESCO PFS 3983,APPLE PAY,-100.70,45142.94,FUEL,
06/08/2024,B&Q,B & Q 1212,APPLE PAY,-18.00,45124.94,SHOPPING,
06/08/2024,The Mac S Farm,THE MAC S FARM,APPLE PAY,-3.20,45121.74,GROCERIES,
06/08/2024,The Mac S Farm,THE MAC S FARM,APPLE PAY,-15.50,45106.24,GROCERIES,
06/08/2024,The Mac S Farm,THE MAC S FARM,GOOGLE PAY,-6.90,45099.34,GROCERIES,
06/08/2024,The Mac S Farm,THE MAC S FARM,APPLE PAY,-4.50,45094.84,GROCERIES,
06/08/2024,The Macs Farm Hassocks,THE MACS FARM LIMITED,GOOGLE PAY,-5.50,45089.34,GROCERIES,
06/08/2024,The Macs Farm Hassocks,THE MACS FARM LIMITED,GOOGLE PAY,-9.00,45080.34,GROCERIES,
06/08/2024,The Macs Farm Hassocks,THE MACS FARM LIMITED,APPLE PAY,-3.00,45077.34,GROCERIES,
06/08/2024,Jennifer Anne Lees,Olympics refund,FASTER PAYMENT,306.52,45383.86,INCOME,
06/08/2024,Katkin Club,KATKIN CLUB,CARD SUBSCRIPTION,-21.99,45361.87,GENERAL,
06/08/2024,Amazon Marketplace,AMZNMktplace*GF4V44YJ5,ONLINE PAYMENT,-22.99,45338.88,SHOPPING,
07/08/2024,Amazon,AMAZON* YS7HZ9TS5,ONLINE PAYMENT,-228.04,45110.84,SHOPPING,
07/08/2024,The Mac S Farm,THE MAC S FARM,GOOGLE PAY,-7.70,45103.14,GROCERIES,
07/08/2024,The Macs Farm Hassocks,THE MACS FARM LIMITED,GOOGLE PAY,-6.75,45096.39,GROCERIES,
07/08/2024,The Macs Farm Hassocks,THE MACS FARM LIMITED,GOOGLE PAY,-3.50,45092.89,GROCERIES,
07/08/2024,Southern Railway,ON TRACK - SOUTHERN RA,CARD SUBSCRIPTION,-4.60,45088.29,TRANSPORT,
07/08/2024,Burger King,BURGER KING HICKSTEAD,APPLE PAY,-11.65,45076.64,EATING_OUT,
08/08/2024,The Mac S Farm,THE MAC S FARM,GOOGLE PAY,-6.90,45069.74,GROCERIES,
08/08/2024,The Macs Farm Hassocks,THE MACS FARM LIMITED,GOOGLE PAY,-5.00,45064.74,GROCERIES,
08/08/2024,The Mac S Farm,THE MAC S FARM,APPLE PAY,-4.50,45060.24,GROCERIES,
08/08/2024,The Mac S Farm,THE MAC S FARM,GOOGLE PAY,-27.50,45032.74,GROCERIES,
08/08/2024,The Mac S Farm,THE MAC S FARM,GOOGLE PAY,-4.50,45028.24,GROCERIES,
08/08/2024,The Macs Farm Hassocks,THE MACS FARM LIMITED,GOOGLE PAY,-6.75,45021.49,GROCERIES,
08/08/2024,Smol,SMOL LIMITED,CARD SUBSCRIPTION,-6.30,45015.19,SHOPPING,
09/08/2024,Amazon Eu,Amazon.co.uk*O65CN68B5,ONLINE PAYMENT,-18.59,44996.60,SHOPPING,
09/08/2024,Hmshost Eurotunnel,HMSHost Eurotunnel,APPLE PAY,-13.61,44982.99,EATING_OUT,
09/08/2024,Shell,SHELL 2746,APPLE PAY,-113.98,44869.01,FUEL,
09/08/2024,Amazon Marketplace,AMZNMktplace*PM62I1K75,ONLINE PAYMENT,-9.99,44859.02,SHOPPING,
09/08/2024,WH Smith,WH Smith Eurotunnel,APPLE PAY,-33.04,44825.98,SHOPPING,
09/08/2024,The Mac S Farm,THE MAC S FARM,GOOGLE PAY,-9.00,44816.98,GROCERIES,
09/08/2024,The Mac S Farm,THE MAC S FARM,GOOGLE PAY,-3.70,44813.28,GROCERIES,
09/08/2024,The Macs Farm Hassocks,THE MACS FARM LIMITED,APPLE PAY,-11.00,44802.28,GROCERIES,
09/08/2024,The Macs Farm Hassocks,THE MACS FARM LIMITED,GOOGLE PAY,-6.20,44796.08,GROCERIES,
09/08/2024,The Macs Farm Hassocks,THE MACS FARM LIMITED,GOOGLE PAY,-2.00,44794.08,GROCERIES,
09/08/2024,Total Mkt Fr,TOTAL MKT FR,APPLE PAY,-33.43,44760.65,TRANSPORT,
09/08/2024,Sustainaclean,SUSTAINACLEAN,ONLINE PAYMENT,-52.80,44707.85,BILLS_AND_SERVICES,
09/08/2024,Springboard,SQ *SPRINGBOARD,GOOGLE PAY,-1.00,44706.85,GENERAL,
09/08/2024,Springboard,SQ *SPRINGBOARD,GOOGLE PAY,-1.00,44705.85,GENERAL,
09/08/2024,Springboard,SQ *SPRINGBOARD,GOOGLE PAY,-1.00,44704.85,GENERAL,
09/08/2024,Springboard,SQ *SPRINGBOARD,GOOGLE PAY,-1.00,44703.85,GENERAL,
10/08/2024,Cowfold Medical Group,COWFOLD MEDICAL GROUP,GOOGLE PAY,-9.90,44693.95,BILLS_AND_SERVICES,
10/08/2024,Leonardslee Gardens,Leonardslee Gardens,GOOGLE PAY,-8.20,44685.75,HOLIDAYS,
10/08/2024,Leonardslee Gardens,Leonardslee Gardens,GOOGLE PAY,-4.80,44680.95,HOLIDAYS,
10/08/2024,Leonardslee Lake & Gar,Leonardslee Lake and G,GOOGLE PAY,-2.20,44678.75,EATING_OUT,
10/08/2024,Leonardslee Lake & Gar,Leonardslee Lake and G,GOOGLE PAY,-24.00,44654.75,EATING_OUT,
10/08/2024,Amazon,amazon.co.uk*P35LP4LT5,ONLINE PAYMENT,-7.99,44646.76,SHOPPING,
10/08/2024,Curve,CRV*GOOGLER SESSION AU,ONLINE PAYMENT,-20.00,44626.76,BILLS_AND_SERVICES,
10/08/2024,Sumup *c And L Cateri,SumUp  *C and L Cateri,GOOGLE PAY,-3.25,44623.51,GROCERIES,
10/08/2024,Super U Maze,SUPER U MAZE,APPLE PAY,-24.85,44598.66,HOLIDAYS,
11/08/2024,Apple App Store,APPLE.COM/BILL,CARD SUBSCRIPTION,-12.99,44585.67,ENTERTAINMENT,
11/08/2024,Maison Boisson,MAISON BOISSON,APPLE PAY,-47.88,44537.79,GROCERIES,
11/08/2024,Amazon Marketplace,AMZNMktplace*E01PS2RB5,ONLINE PAYMENT,-31.99,44505.80,SHOPPING,
11/08/2024,Amazon Marketplace,AMZNMktplace*UM63N0R45,ONLINE PAYMENT,-14.90,44490.90,SHOPPING,
11/08/2024,giffgaff,giffgaff,ONLINE PAYMENT,-25.00,44465.90,BILLS_AND_SERVICES,
11/08/2024,Amazon Marketplace,AMZNMktplace*UT69K9C55,ONLINE PAYMENT,-28.99,44436.91,SHOPPING,
12/08/2024,HMRC Self Assessment,2446830364K00005,DIRECT CREDIT,52.38,44489.29,PAYMENTS,
12/08/2024,Places For People Leisure ,54561456A,DIRECT DEBIT,-49.00,44440.29,GENERAL,
12/08/2024,Maison Boisson,MAISON BOISSON,APPLE PAY,-5.96,44434.33,GROCERIES,
12/08/2024,Teemill Tech,TEEMILL TECH LTD,ONLINE PAYMENT,-58.00,44376.33,SHOPPING,
12/08/2024,Haloclineswimwear,HALOCLINESWIMWEAR,ONLINE PAYMENT,-78.00,44298.33,SHOPPING,
12/08/2024,Amazon Eu,Amazon.co.uk*X612309N5,ONLINE PAYMENT,-45.43,44252.90,SHOPPING,
12/08/2024,Amazon Marketplace,AMZNMktplace*AZ0668UZ5,ONLINE PAYMENT,-26.99,44225.91,SHOPPING,
12/08/2024,Amazon,amazon.co.uk*Y46L69HU5,ONLINE PAYMENT,-4.99,44220.92,SHOPPING,
12/08/2024,Decathlon Angers,DECATHLON ANGERS      ,APPLE PAY,-53.20,44167.72,LIFESTYLE,
12/08/2024,Masse Distribution,MASSE DISTRIBUTION,APPLE PAY,-11.68,44156.04,BILLS_AND_SERVICES,
12/08/2024,Masse Distribution,MASSE DISTRIBUTION,APPLE PAY,-5.13,44150.91,BILLS_AND_SERVICES,
12/08/2024,The Triangle,THE TRIANGLE,GOOGLE PAY,-7.60,44143.31,EATING_OUT,
12/08/2024,The Triangle,THE TRIANGLE,GOOGLE PAY,-6.74,44136.57,EATING_OUT,
12/08/2024,Sp Mutha.Hood,MUTHA.HOOD,ONLINE PAYMENT,-56.49,44080.08,SHOPPING,
12/08/2024,Ocado,OCADO                 ,ONLINE PAYMENT,-184.75,43895.33,GROCERIES,
12/08/2024,The Macs Farm Hassocks,THE MACS FARM LIMITED,GOOGLE PAY,-6.00,43889.33,GROCERIES,
12/08/2024,The Mac S Farm,THE MAC S FARM,GOOGLE PAY,-3.45,43885.88,GROCERIES,
12/08/2024,The Mac S Farm,THE MAC S FARM,GOOGLE PAY,-6.40,43879.48,GROCERIES,
12/08/2024,Patchplants,WWW.PATCHPLANTS.COM,ONLINE PAYMENT,-75.00,43804.48,BILLS_AND_SERVICES,
13/08/2024,Places For People Leisure ,54425808A,DIRECT DEBIT,-60.00,43744.48,GENERAL,
13/08/2024,Le Marche Duty Free,Le Marche Duty Free,APPLE PAY,-7.64,43736.84,SHOPPING,
13/08/2024,Hmshost Eurotunnel Fra,HMSHost Eurotunnel Fra,APPLE PAY,-2.66,43734.18,EATING_OUT,
13/08/2024,Hmshost Eurotunnel Fra,HMSHost Eurotunnel Fra,APPLE PAY,-12.79,43721.39,EATING_OUT,
13/08/2024,Dancewear Central,Dancewear Central,ONLINE PAYMENT,-38.80,43682.59,SHOPPING,
13/08/2024,Sustainaclean,SUSTAINACLEAN,ONLINE PAYMENT,-105.60,43576.99,BILLS_AND_SERVICES,
13/08/2024,Total Attractions,TOTAL ATTRACTIONS,ONLINE PAYMENT,-34.50,43542.49,LIFESTYLE,
13/08/2024,Amazon Marketplace,AMZNMktplace*AC8IZ99D5,ONLINE PAYMENT,-29.95,43512.54,SHOPPING,
13/08/2024,Amazon Marketplace,AMZNMktplace*8A3VQ19G5,ONLINE PAYMENT,-27.14,43485.40,SHOPPING,
13/08/2024,giffgaff,giffgaff,CARD SUBSCRIPTION,-10.00,43475.40,BILLS_AND_SERVICES,
13/08/2024,Tesco,TESCO STORES 2163,GOOGLE PAY,-28.94,43446.46,GROCERIES,
13/08/2024,Amazon Eu,Amazon.co.uk*FF2AZ9WO5,ONLINE PAYMENT,-16.34,43430.12,SHOPPING,
13/08/2024,Www Dancing In The Str,WWW DANCING IN THE STR,ONLINE PAYMENT,-31.22,43398.90,SHOPPING,
13/08/2024,Total Mkt Fr,TOTAL MKT FR,APPLE PAY,-4.19,43394.71,TRANSPORT,
13/08/2024,Total Mkt Fr,TOTAL MKT FR,APPLE PAY,-4.27,43390.44,TRANSPORT,
13/08/2024,Total Mkt Fr,TOTAL MKT FR,APPLE PAY,-4.63,43385.81,TRANSPORT,
13/08/2024,Total Mkt Fr,TOTAL MKT FR,CHIP & PIN,-45.58,43340.23,TRANSPORT,
13/08/2024,Total Mkt Fr,TOTAL MKT FR,CHIP & PIN,-69.39,43270.84,TRANSPORT,
13/08/2024,Amazon Eu,Amazon.co.uk*WV3KT3ZZ5,ONLINE PAYMENT,-10.99,43259.85,SHOPPING,
13/08/2024,Amazon Marketplace,AMZNMktplace*MA3IE59N5,ONLINE PAYMENT,-16.79,43243.06,SHOPPING,
14/08/2024,Amazon Marketplace,AMZNMktplace*5U6NZ93Q5,ONLINE PAYMENT,-109.99,43133.07,SHOPPING,
14/08/2024,Amazon,amazon.co.uk*0559R7775,ONLINE PAYMENT,-5.49,43127.58,SHOPPING,
14/08/2024,Gtr Parking Connect Ec,GTR PARKING CONNECT EC,ONLINE PAYMENT,-5.00,43122.58,TRANSPORT,
14/08/2024,Amazon Eu,Amazon.co.uk*DE8BB8I45,ONLINE PAYMENT,-32.53,43090.05,SHOPPING,
14/08/2024,Amazon Marketplace,AMZNMktplace*BJ7794M95,ONLINE PAYMENT,-89.61,43000.44,SHOPPING,
14/08/2024,Vodafone,VODAFONE LTD,ONLINE PAYMENT,-60.00,42940.44,BILLS_AND_SERVICES,
14/08/2024,Waitrose,WAITROSE,GOOGLE PAY,-12.95,42927.49,GROCERIES,
14/08/2024,Etsy,Etsy.com*CWtChUSstore,ONLINE PAYMENT,-16.00,42911.49,SHOPPING,
15/08/2024,Bps Re Easy Direct Debits,MND005WZKJFMKN,DIRECT DEBIT,-23.00,42888.49,GENERAL,
15/08/2024,The Rec Rink,The Rec Rink,GOOGLE PAY,-10.00,42878.49,LIFESTYLE,
15/08/2024,Gtr Parking Connect Ec,GTR PARKING CONNECT EC,ONLINE PAYMENT,-5.00,42873.49,TRANSPORT,
15/08/2024,Cineworld,Cineworld CRA AT,APPLE PAY,-16.99,42856.50,ENTERTAINMENT,
15/08/2024,Cineworld,Cineworld CRA CP,APPLE PAY,-12.20,42844.30,ENTERTAINMENT,
15/08/2024,Five Guys,FIVE GUYS CRAWLEY,APPLE PAY,-20.35,42823.95,EATING_OUT,
15/08/2024,Smol,SMOL LIMITED,CARD SUBSCRIPTION,-5.80,42818.15,SHOPPING,
16/08/2024,Decorum Vending Payter,DECORUM VENDING PAYTER,GOOGLE PAY,-1.40,42816.75,GROCERIES,
16/08/2024,Co-op Food,CO-OP GROUP FOOD,APPLE PAY,-16.45,42800.30,GROCERIES,
16/08/2024,Waitrose,WAITROSE,GOOGLE PAY,-8.75,42791.55,GROCERIES,
16/08/2024,Marks & Spencer,M&S SIMPLY FOOD - SSP,GOOGLE PAY,-2.60,42788.95,GROCERIES,
16/08/2024,Simplycook,SimplyCook,CARD SUBSCRIPTION,-11.78,42777.17,GROCERIES,
17/08/2024,Sustainaclean,SUSTAINACLEAN,ONLINE PAYMENT,-52.80,42724.37,BILLS_AND_SERVICES,
17/08/2024,Tesco,TESCO STORES 2163,APPLE PAY,-47.40,42676.97,GROCERIES,
17/08/2024,Amazon Marketplace,AMZNMktplace*SS1RY0175,ONLINE PAYMENT,-22.99,42653.98,SHOPPING,
17/08/2024,Starbucks Hickstead,STARBUCKS HICKSTEAD,GOOGLE PAY,-7.20,42646.78,GROCERIES,
17/08/2024,Total Attractions,SQ *TOTAL ATTRACTIONS,GOOGLE PAY,-7.50,42639.28,ENTERTAINMENT,
18/08/2024,Startriteshoes,WWW.STARTRITESHOES.COM,ONLINE PAYMENT,-41.65,42597.63,SHOPPING,
18/08/2024,Smith & Western,Smith and Western,GOOGLE PAY,-2.10,42595.53,EATING_OUT,
18/08/2024,Smith & Western,Smith and Western,APPLE PAY,-58.33,42537.20,EATING_OUT,
18/08/2024,Curve,CRV*TwinPay Sheffield,ONLINE PAYMENT,-1.60,42535.60,TRANSPORT,
18/08/2024,Boots,BOOTS 1465,GOOGLE PAY,-16.64,42518.96,GENERAL,
18/08/2024,Waitrose,WAITROSE 123,GOOGLE PAY,-2.35,42516.61,GROCERIES,
18/08/2024,Kids Stuff Market,KIDS STUFF LTD MARKET,GOOGLE PAY,-39.17,42477.44,SHOPPING,
19/08/2024,Amazon,WWW.AMAZON.* 375BO6LL5,ONLINE PAYMENT,-19.50,42457.94,SHOPPING,
19/08/2024,Amazon Eu,Amazon.co.uk*QO3716M75,CARD SUBSCRIPTION,-11.84,42446.10,SHOPPING,
19/08/2024,Amazon Marketplace,AMZNMktplace*T030S91U5,ONLINE PAYMENT,-49.61,42396.49,SHOPPING,
19/08/2024,Amazon Marketplace,AMZNMktplace*113JH05Z5,ONLINE PAYMENT,-41.74,42354.75,SHOPPING,
19/08/2024,Places Leisure,PLACES LEISURE,ONLINE PAYMENT,-11.50,42343.25,LIFESTYLE,
19/08/2024,The Triangle,THE TRIANGLE,APPLE PAY,-21.59,42321.66,EATING_OUT,
19/08/2024,Ocado,OCADO                 ,ONLINE PAYMENT,-153.00,42168.66,GROCERIES,
19/08/2024,Curve,CRV*APPLE.COM BILL APP,ONLINE PAYMENT,-0.99,42167.67,SHOPPING,
20/08/2024,Barclays Partner Finance,300 0120 733039747,DIRECT DEBIT,-49.95,42117.72,BILLS_AND_SERVICES,
20/08/2024,Sustainaclean,SUSTAINACLEAN,ONLINE PAYMENT,-105.60,42012.12,BILLS_AND_SERVICES,
20/08/2024,Applecare,APPLECARE UK,CARD SUBSCRIPTION,-8.99,42003.13,SHOPPING,
20/08/2024,The Rec Rink,The Rec Rink,GOOGLE PAY,-10.00,41993.13,LIFESTYLE,
20/08/2024,Curve,CRV*TwinPay Sheffield,ONLINE PAYMENT,-1.60,41991.53,TRANSPORT,
20/08/2024,Specsavers00360000burg,SPECSAVERS00360000BURG,GOOGLE PAY,-30.00,41961.53,GENERAL,
20/08/2024,Waitrose,WAITROSE 123,GOOGLE PAY,-5.50,41956.03,GROCERIES,
20/08/2024,Tails,TAILS.COM,CARD SUBSCRIPTION,-242.14,41713.89,GROCERIES,
20/08/2024,Caffè Nero,CAFFE NERO BURGESS HIL,GOOGLE PAY,-3.65,41710.24,EATING_OUT,
20/08/2024,Schoolblazer,SCHOOLBLAZER LTD,ONLINE PAYMENT,-137.99,41572.25,SHOPPING,
20/08/2024,Amazon Marketplace,AMZNMktplace*IY2YB9K45,ONLINE PAYMENT,-4.99,41567.26,SHOPPING,
21/08/2024,Google,GOOGLE *YouTubePremium,ONLINE PAYMENT,-17.78,41549.48,SHOPPING,
21/08/2024,Curve,CRV*SKIN   ME,ONLINE PAYMENT,-29.99,41519.49,LIFESTYLE,
21/08/2024,Amazon,AMAZON* TI84F1CU4,ONLINE PAYMENT,-23.00,41496.49,SHOPPING,
21/08/2024,Amazon Marketplace,AMZNMktplace*4J3XG4BI5,ONLINE PAYMENT,-7.13,41489.36,SHOPPING,
21/08/2024,Gtr Parking Connect Ec,GTR PARKING CONNECT EC,ONLINE PAYMENT,-5.00,41484.36,TRANSPORT,
21/08/2024,Amazon,AMAZON* PL9SD2LE5,ONLINE PAYMENT,-16.99,41467.37,SHOPPING,
21/08/2024,Amazon Marketplace,AMZNMktplace*TI89B14T4,CARD SUBSCRIPTION,-15.77,41451.60,SHOPPING,
21/08/2024,Amazon Marketplace,AMZNMktplace*U35PS2LJ5,CARD SUBSCRIPTION,-31.59,41420.01,SHOPPING,
21/08/2024,Co-op Food,CO-OP GROUP FOOD,GOOGLE PAY,-10.55,41409.46,GROCERIES,
22/08/2024,Bps Re Easy Direct Debits,MND005WZKJFMKN,DIRECT DEBIT,-20.00,41389.46,GENERAL,
22/08/2024,Curve,CRV*BLIZZARD ENTERTAIN,ONLINE PAYMENT,-13.49,41375.97,SHOPPING,
22/08/2024,Gtr Parking Connect Ec,GTR PARKING CONNECT EC,ONLINE PAYMENT,-5.00,41370.97,TRANSPORT,
23/08/2024,Curve,CRV*GTR PARKING CONNEC,ONLINE PAYMENT,-5.00,41365.97,TRANSPORT,
23/08/2024,Sustainaclean,SUSTAINACLEAN,ONLINE PAYMENT,-52.80,41313.17,BILLS_AND_SERVICES,
24/08/2024,Infinity Foods Co-Oper Brighton,Infinity Foods Co-oper,GOOGLE PAY,-3.92,41309.25,GROCERIES,
24/08/2024,Yue Bubble Tea And Waf,Yue Bubble Tea and Waf,GOOGLE PAY,-3.90,41305.35,ENTERTAINMENT,
24/08/2024,Bhcc Trafalgar St Car,BHCC TRAFALGAR ST CAR ,GOOGLE PAY,-16.00,41289.35,TRANSPORT,
24/08/2024,Curve,CRV*TwinPay Sheffield,ONLINE PAYMENT,-1.60,41287.75,TRANSPORT,
24/08/2024,Places Leisure,PLACES LEISURE,ONLINE PAYMENT,-11.50,41276.25,LIFESTYLE,
24/08/2024,Tesco,TESCO STORES 2163,APPLE PAY,-55.65,41220.60,GROCERIES,
24/08/2024,Superdrug,SUPERDRUG STORES PLC,GOOGLE PAY,-13.19,41207.41,SHOPPING,
24/08/2024,Caffè Nero,CAFFE NERO BURGESS HIL,GOOGLE PAY,-3.65,41203.76,EATING_OUT,
24/08/2024,Amazon,AMAZON* 1U5575FJ5,ONLINE PAYMENT,-7.89,41195.87,SHOPPING,
24/08/2024,London,ILLUMINATED APPAREL,ONLINE PAYMENT,-60.85,41135.02,SHOPPING,
24/08/2024,Horsham Matters,SQ *HORSHAM MATTERS,APPLE PAY,-15.00,41120.02,GENERAL,
24/08/2024,The Rec Rink,The Rec Rink,GOOGLE PAY,-6.75,41113.27,LIFESTYLE,
25/08/2024,Amazon,WWW.AMAZON.* OS13I6FV5,ONLINE PAYMENT,-29.99,41083.28,SHOPPING,
25/08/2024,Amazon,WWW.AMAZON.* 9A6IJ8KW5,ONLINE PAYMENT,-4.99,41078.29,SHOPPING,
25/08/2024,Toy Barnhaus Horsham,Toy Barnhaus Horsham,GOOGLE PAY,-61.97,41016.32,SHOPPING,
25/08/2024,Smiggle,SMIGGLE,GOOGLE PAY,-57.50,40958.82,BILLS_AND_SERVICES,
25/08/2024,Card Factory,CARD FACTORY,GOOGLE PAY,-5.48,40953.34,SHOPPING,
25/08/2024,Horsham Service Statio,HORSHAM SERVICE STATIO,APPLE PAY,-98.22,40855.12,TRANSPORT,
25/08/2024,Pret A Manger,PRET A MANGER,APPLE PAY,-22.10,40833.02,EATING_OUT,
25/08/2024,Pret A Manger,PRET A MANGER,GOOGLE PAY,-1.65,40831.37,EATING_OUT,
25/08/2024,Horsham District Counc,HORSHAM DISTRICT COUNC,ONLINE PAYMENT,-2.60,40828.77,BILLS_AND_SERVICES,
25/08/2024,Horsham District Counc,HORSHAM DISTRICT COUNC,ONLINE PAYMENT,-4.00,40824.77,BILLS_AND_SERVICES,
25/08/2024,Netflix,Netflix.com,CARD SUBSCRIPTION,-17.99,40806.78,BILLS_AND_SERVICES,
25/08/2024,Amazon,WWW.AMAZON.* UI3RX1U75,ONLINE PAYMENT,-11.60,40795.18,SHOPPING,
26/08/2024,Amazon,AMAZON* CN1CG77T5,ONLINE PAYMENT,-26.80,40768.38,SHOPPING,
26/08/2024,Amazon,AMAZON* WD1MI61I5,ONLINE PAYMENT,-19.99,40748.39,SHOPPING,
26/08/2024,Amazon,AMAZON* 013SU00G5,ONLINE PAYMENT,-14.99,40733.40,SHOPPING,
26/08/2024,Amazon Marketplace,AMZNMktplace*9H0ER1865,ONLINE PAYMENT,-18.98,40714.42,SHOPPING,
26/08/2024,Doggy Boho,PAYPAL *DOGGY BOHO,ONLINE PAYMENT,-100.95,40613.47,GENERAL,
26/08/2024,Little Top Ent,Zettle_*Little Top Ent,GOOGLE PAY,-1.50,40611.97,SHOPPING,
26/08/2024,Little Top Ent,Zettle_*Little Top Ent,GOOGLE PAY,-2.50,40609.47,SHOPPING,
26/08/2024,The Triangle,THE TRIANGLE,GOOGLE PAY,-3.75,40605.72,EATING_OUT,
26/08/2024,The Triangle,THE TRIANGLE,GOOGLE PAY,-16.00,40589.72,LIFESTYLE,
26/08/2024,Ocado,OCADO                 ,ONLINE PAYMENT,-134.40,40455.32,GROCERIES,
26/08/2024,Horsham District Council,HORSHAM DISTRICT COUNC,APPLE PAY,-1.30,40454.02,TRANSPORT,
26/08/2024,The Macs Farm Hassocks,THE MACS FARM LIMITED,APPLE PAY,-3.50,40450.52,GROCERIES,
26/08/2024,The Mac S Farm,THE MAC S FARM,APPLE PAY,-15.50,40435.02,GROCERIES,
26/08/2024,The Mac S Farm,THE MAC S FARM,GOOGLE PAY,-3.70,40431.32,GROCERIES,
27/08/2024,Places For People Leisure ,54578485A,DIRECT DEBIT,-3.00,40428.32,GENERAL,
27/08/2024,Amazon,WWW.AMAZON.* BL5U88JC5,CARD SUBSCRIPTION,-7.19,40421.13,SHOPPING,
27/08/2024,Amazon,WWW.AMAZON.* GZ2IU40X5,CARD SUBSCRIPTION,-9.84,40411.29,SHOPPING,
27/08/2024,Amazon,WWW.AMAZON.* 572391NO5,CARD SUBSCRIPTION,-58.23,40353.06,SHOPPING,
27/08/2024,Amazon,AMAZON* I903K64R5,ONLINE PAYMENT,-18.98,40334.08,SHOPPING,
27/08/2024,Amazon Marketplace,AMZNMktplace*S778I8ML5,ONLINE PAYMENT,-10.00,40324.08,SHOPPING,
27/08/2024,Co-op Food,CO-OP GROUP FOOD,GOOGLE PAY,-17.30,40306.78,GROCERIES,
27/08/2024,Channel 4,CHANNEL 4,CARD SUBSCRIPTION,-3.99,40302.79,BILLS_AND_SERVICES,
27/08/2024,Schoolblazer,SCHOOLBLAZER LTD,ONLINE PAYMENT,-28.74,40274.05,SHOPPING,
27/08/2024,Amazon Marketplace,AMZNMktplace*742O04Z25,ONLINE PAYMENT,-3.52,40270.53,SHOPPING,
28/08/2024,Octopus Energy,A-E501D93A-002,DIRECT DEBIT,-250.00,40020.53,BILLS_AND_SERVICES,
28/08/2024,Sustainaclean,SUSTAINACLEAN,ONLINE PAYMENT,-105.60,39914.93,BILLS_AND_SERVICES,
28/08/2024,Amazon,amazon.co.uk*AO89G2S65,ONLINE PAYMENT,-0.99,39913.94,SHOPPING,
28/08/2024,Amazon,amazon.co.uk*LR7BM0J55,ONLINE PAYMENT,-1.99,39911.95,SHOPPING,
28/08/2024,Amazon,amazon.co.uk*TE64M33Q5,ONLINE PAYMENT,-7.47,39904.48,SHOPPING,
28/08/2024,Curve,CRV*GTR PARKING CONNEC,ONLINE PAYMENT,-11.30,39893.18,TRANSPORT,
28/08/2024,The Triangle,THE TRIANGLE,APPLE PAY,-24.79,39868.39,EATING_OUT,
28/08/2024,Cineworld,CINEWORLD             ,ONLINE PAYMENT,-16.93,39851.46,ENTERTAINMENT,
28/08/2024,Lush Uk,Lush UK,APPLE PAY,-19.80,39831.66,LIFESTYLE,
28/08/2024,Toy Barnhaus Crawley,Toy Barnhaus Crawley,APPLE PAY,-1.99,39829.67,SHOPPING,
29/08/2024,Oliver Bonas St Pancra,OLIVER BONAS ST PANCRA,GOOGLE PAY,-22.00,39807.67,SHOPPING,
29/08/2024,Curve,CRV*GTR PARKING CONNEC,ONLINE PAYMENT,-11.30,39796.37,TRANSPORT,
29/08/2024,James For Carpets,couratier stable c,FASTER PAYMENT,-640.00,39156.37,PAYMENTS,
29/08/2024,Yourparkingspace,YOURPARKINGSPACE      ,APPLE PAY,-2.70,39153.67,TRANSPORT,
29/08/2024,Cineworld,Cineworld CRA CP,APPLE PAY,-14.40,39139.27,ENTERTAINMENT,
29/08/2024,Millies Cookies,MILLIES COOKIES,APPLE PAY,-14.48,39124.79,EATING_OUT,
29/08/2024,Amazon Marketplace,AMZNMktplace*721RB3CE5,ONLINE PAYMENT,-38.21,39086.58,SHOPPING,
29/08/2024,McDonald's,MCDONALDS,APPLE PAY,-11.48,39075.10,EATING_OUT,
29/08/2024,Cowfold Medical Group,COWFOLD MEDICAL GROUP,GOOGLE PAY,-9.90,39065.20,BILLS_AND_SERVICES,
30/08/2024,GoCardless,VBDANCE-M8ZB6MFG35,DIRECT DEBIT,-59.40,39005.80,PAYMENTS,
30/08/2024,BT,GB26676055,DIRECT DEBIT,-81.65,38924.15,BILLS_AND_SERVICES,
30/08/2024,Primark,PRIMARK 685           ,APPLE PAY,-71.50,38852.65,SHOPPING,
30/08/2024,Amazon,AMAZON* BP53P4175,ONLINE PAYMENT,-19.99,38832.66,SHOPPING,
30/08/2024,Amazon,AMAZON* TW8IH1XP4,ONLINE PAYMENT,-23.00,38809.66,SHOPPING,
30/08/2024,Knockhatch Adventure P Hailsham,Knockhatch Adventure P,APPLE PAY,-6.00,38803.66,LIFESTYLE,
30/08/2024,Knockhatch Adventure P Hailsham,Knockhatch Adventure P,APPLE PAY,-37.40,38766.26,LIFESTYLE,
30/08/2024,Knockhatch Adventure P Hailsham,Knockhatch Adventure P,APPLE PAY,-13.00,38753.26,LIFESTYLE,
30/08/2024,Knockhatch Adventure P Hailsham,Knockhatch Adventure P,APPLE PAY,-2.40,38750.86,LIFESTYLE,
30/08/2024,Csc Pcn,CSC PCN,ONLINE PAYMENT,-60.00,38690.86,TRANSPORT,
30/08/2024,Knockhatch Adventure P Hailsham,Knockhatch Adventure P,APPLE PAY,-8.99,38681.87,LIFESTYLE,
30/08/2024,Knockhatch Adventure P Hailsham,Knockhatch Adventure P,APPLE PAY,-6.00,38675.87,LIFESTYLE,
30/08/2024,Jennifer Anne Lees,JENNIFER ANNE LEES,FASTER PAYMENT,18000.00,56675.87,INCOME,
30/08/2024,Sustainaclean,SUSTAINACLEAN,ONLINE PAYMENT,-79.20,56596.67,BILLS_AND_SERVICES,
30/08/2024,Sea Life Brighton,Sea Life Brighton,APPLE PAY,-45.50,56551.17,ENTERTAINMENT,
31/08/2024,Apple App Store,APPLE.COM/BILL,CARD SUBSCRIPTION,-8.99,56542.18,ENTERTAINMENT,
31/08/2024,Amazon,AMAZON* 1D8UB40Z5,ONLINE PAYMENT,-16.55,56525.63,SHOPPING,
31/08/2024,Amazon,amazon.co.uk*SU3668UT5,ONLINE PAYMENT,-6.99,56518.64,SHOPPING,
31/08/2024,Amazon,amazon.co.uk*VQ3BS2U05,ONLINE PAYMENT,-7.49,56511.15,SHOPPING,
31/08/2024,Harry Ramsdens,Harry Ramsdens,APPLE PAY,-25.97,56485.18,EATING_OUT,
31/08/2024,Merlin Entertainments,Merlin Entertainments,APPLE PAY,-20.00,56465.18,ENTERTAINMENT,
31/08/2024,Merlin Entertainments,Merlin Entertainments,APPLE PAY,-3.10,56462.08,ENTERTAINMENT,
31/08/2024,Sea Life Brighton,SEA LIFE Brighton,APPLE PAY,-23.00,56439.08,ENTERTAINMENT,
31/08/2024,Bhcc Lanes Car Park,BHCC LANES CAR PARK   ,APPLE PAY,-24.00,56415.08,TRANSPORT,
31/08/2024,Bhcc-Paybyphoneparking,PAYBYPHONE-5FOKJOJMSGH,ONLINE PAYMENT,-3.40,56411.68,TRANSPORT,
31/08/2024,Bhcc-Paybyphoneparking,PAYBYPHONE-5TKNZ73VRDC,ONLINE PAYMENT,-3.40,56408.28,TRANSPORT,
31/08/2024,Pret A Manger,PRET A MANGER,APPLE PAY,-2.00,56406.28,EATING_OUT,
31/08/2024,Amazon,AMAZON* EP22Q94A5,ONLINE PAYMENT,-15.48,56390.80,SHOPPING,
31/08/2024,Fresha Uk,Endless Hair Creations,ONLINE PAYMENT,-15.00,56375.80,ENTERTAINMENT,
31/08/2024,Petek's On The Park,Petek's on the Park,GOOGLE PAY,-7.40,56368.40,EATING_OUT,
01/09/2024,Starling Bank,August Interest Earned,DEPOSIT INTEREST,13.54,56381.94,INCOME,
01/09/2024,Pristine Gardenz Ltd,3997,FASTER PAYMENT,-311.52,56070.42,PAYMENTS,
01/09/2024,Apple App Store,APPLE.COM/BILL,CARD SUBSCRIPTION,-14.99,56055.43,ENTERTAINMENT,
01/09/2024,Amazon,AMAZON* KI9AL27I5,ONLINE PAYMENT,-7.59,56047.84,SHOPPING,
01/09/2024,Amazon,AMAZON* T81OU0UC5,ONLINE PAYMENT,-6.99,56040.85,SHOPPING,
01/09/2024,Amazon,WWW.AMAZON.* 785ZE6QJ5,ONLINE PAYMENT,-4.79,56036.06,SHOPPING,
01/09/2024,Etsy,Etsy.com*Multiple Shop,ONLINE PAYMENT,-61.39,55974.67,SHOPPING,
01/09/2024,The Entertainer,THE ENTERTAINER(135),GOOGLE PAY,-37.00,55937.67,SHOPPING,
01/09/2024,Wscc Haywards Heath Li,WSCC HAYWARDS HEATH LI,GOOGLE PAY,-3.00,55934.67,BILLS_AND_SERVICES,
01/09/2024,Royal Mail Group,ROYAL MAIL GROUP LTD,APPLE PAY,-3.39,55931.28,BILLS_AND_SERVICES,
01/09/2024,Costa Coffee,COSTA                 ,GOOGLE PAY,-15.44,55915.84,EATING_OUT,
01/09/2024,Sainsbury's,SAINSBURYS S/MKTS,GOOGLE PAY,-64.30,55851.54,GROCERIES,
01/09/2024,The Childrens Trust,THE CHILDRENS TRUS,GOOGLE PAY,-8.50,55843.04,GENERAL,
01/09/2024,Amazon,AMAZON* ZX9OM9JX5,ONLINE PAYMENT,-34.99,55808.05,SHOPPING,
01/09/2024,Amazon,AMAZON* 4G7WC8205,ONLINE PAYMENT,-24.99,55783.06,SHOPPING,
01/09/2024,Kiwico Inc.,"KiwiCo, Inc.",ONLINE PAYMENT,-27.34,55755.72,BILLS_AND_SERVICES,
01/09/2024,Martin Butler,August,FASTER PAYMENT,-162.00,55593.72,PETS,
02/09/2024,Horsham District Council,12873556,DIRECT DEBIT,-268.00,55325.72,TRANSPORT,
02/09/2024,Napo,MW43CMW,DIRECT DEBIT,-60.49,55265.23,GENERAL,
02/09/2024,Bps Re Peoplesfundraising,1698316166225,DIRECT DEBIT,-10.00,55255.23,GENERAL,
02/09/2024,Burgess Hill School For Girls Com,COU001,DIRECT DEBIT,-1223.58,54031.65,NONE,
02/09/2024,Burgess Hill School For Girls Com,COU001,DIRECT DEBIT,-37.00,53994.65,NONE,
02/09/2024,PQA Academy,HAYW353036,DIRECT DEBIT,-46.00,53948.65,GENERAL,
02/09/2024,Phc,19335 COURATIER,DIRECT DEBIT,-8.99,53939.66,GENERAL,
02/09/2024,Lloyds Bank,HAP604762678,DIRECT DEBIT,-103.52,53836.14,BILLS_AND_SERVICES,
02/09/2024,The Triangle,THE TRIANGLE,APPLE PAY,-23.89,53812.25,EATING_OUT,
02/09/2024,Skating - Jenny Clarke,🛼,FASTER PAYMENT,-50.00,53762.25,PAYMENTS,
02/09/2024,Alex Wilmott,Windows,FASTER PAYMENT,-60.00,53702.25,PAYMENTS,
02/09/2024,Able damp and preservation specialist,Jb10221,FASTER PAYMENT,-1250.00,52452.25,PAYMENTS,
02/09/2024,Ocado,OCADO                 ,ONLINE PAYMENT,-156.24,52296.01,GROCERIES,
02/09/2024,Smol,SMOL LIMITED,CARD SUBSCRIPTION,-5.80,52290.21,SHOPPING,
03/09/2024,Amazon,AMAZON* DJ1LU3SA5,ONLINE PAYMENT,-43.11,52247.10,SHOPPING,
03/09/2024,Amazon,AMAZON* 2B3P70XA5,ONLINE PAYMENT,-59.99,52187.11,SHOPPING,
03/09/2024,Boots,BOOTS ONLINE DOCTOR,CARD SUBSCRIPTION,-21.00,52166.11,GENERAL,
03/09/2024,Sustainaclean,SUSTAINACLEAN,ONLINE PAYMENT,-105.60,52060.51,BILLS_AND_SERVICES,
03/09/2024,Amazon,amazon.co.uk,CARD SUBSCRIPTION,-9.49,52051.02,SHOPPING,
03/09/2024,Amazon,amazon.co.uk*OT8LV75K5,ONLINE PAYMENT,-0.99,52050.03,SHOPPING,
03/09/2024,Amazon,amazon.co.uk*TD88Z8LN5,ONLINE PAYMENT,-3.99,52046.04,SHOPPING,
03/09/2024,Starbucks Hickstead,STARBUCKS HICKSTEAD,GOOGLE PAY,-7.25,52038.79,GROCERIES,
04/09/2024,Amazon,AMAZON* 2D30703K5,ONLINE PAYMENT,-19.99,52018.80,SHOPPING,
04/09/2024,Amazon,WWW.AMAZON.* X64K44E35,ONLINE PAYMENT,-3.99,52014.81,SHOPPING,
04/09/2024,Amazon,AMAZON* QB61J12L5,ONLINE PAYMENT,-47.06,51967.75,SHOPPING,
04/09/2024,Schoolblazer,SCHOOLBLAZER LTD,ONLINE PAYMENT,-15.49,51952.26,SHOPPING,
04/09/2024,Grind,GRIND & CO,CARD SUBSCRIPTION,-13.50,51938.76,EATING_OUT,
05/09/2024,GoCardless,BRUCESDOGDAY-H85HM,DIRECT DEBIT,-795.60,51143.16,PAYMENTS,
05/09/2024,Amazon,AMAZON* XB39547A5,ONLINE PAYMENT,-13.98,51129.18,SHOPPING,
05/09/2024,Amazon Marketplace,AMZNMktplace*NF20P3335,ONLINE PAYMENT,-9.44,51119.74,SHOPPING,
05/09/2024,McDonald's,MCDONALDS,APPLE PAY,-11.42,51108.32,EATING_OUT,
06/09/2024,Awp P&c,1UK000000000285835,DIRECT DEBIT,-4.34,51103.98,GENERAL,
06/09/2024,Backblaze,BACKBLAZE INC,ONLINE PAYMENT,-4.26,51099.72,BILLS_AND_SERVICES,
06/09/2024,Tesco,TESCO STORES 2163,APPLE PAY,-25.60,51074.12,GROCERIES,
06/09/2024,Domino's Pizza,Domino s Pizza,ONLINE PAYMENT,-47.65,51026.47,EATING_OUT,
06/09/2024,Sustainaclean,SUSTAINACLEAN,ONLINE PAYMENT,-52.80,50973.67,BILLS_AND_SERVICES,
07/09/2024,Amazon Marketplace,AMZNMktplace*MK1XG74H5,ONLINE PAYMENT,-9.98,50963.69,SHOPPING,
07/09/2024,Starbucks Hickstead,STARBUCKS HICKSTEAD,GOOGLE PAY,-9.65,50954.04,GROCERIES,
07/09/2024,McDonald's,MCDONALDS,APPLE PAY,-9.35,50944.69,EATING_OUT,
08/09/2024,Amazon,AMAZON* 0M48R3RM5,ONLINE PAYMENT,-18.99,50925.70,SHOPPING,
08/09/2024,Smol,SMOL LIMITED,CARD SUBSCRIPTION,-6.30,50919.40,SHOPPING,
08/09/2024,Whisker,WHISKER               ,ONLINE PAYMENT,-819.00,50100.40,GENERAL,
08/09/2024,Boots,BOOTS SERVICES,ONLINE PAYMENT,-21.95,50078.45,GENERAL,
08/09/2024,Costa Coffee,43050340 COSTA COFFEE,APPLE PAY,-8.35,50070.10,EATING_OUT,
08/09/2024,Tesco Hand Car Wash,TESCO HAND CAR WASH,APPLE PAY,-42.00,50028.10,TRANSPORT,
08/09/2024,Gorilla Events,SQ *GORILLA EVENTS LTD,APPLE PAY,-30.15,49997.95,GROCERIES,
08/09/2024,*cherry Red Vin,SumUp **Cherry Red Vin,GOOGLE PAY,-25.00,49972.95,SHOPPING,
09/09/2024,*harissa And Le,SumUp **harissa and le,APPLE PAY,-44.75,49928.20,GROCERIES,
09/09/2024,Doggy Boho,PAYPAL *DOGGY BOHO,ONLINE PAYMENT,94.00,50022.20,GENERAL,
09/09/2024,Cec Ice Cream,CEC ICE CREAM,APPLE PAY,-10.00,50012.20,EATING_OUT,
09/09/2024,Cec Ice Cream,CEC ICE CREAM,GOOGLE PAY,-9.00,50003.20,EATING_OUT,
09/09/2024,Cec Ice Cream,CEC ICE CREAM,GOOGLE PAY,-14.00,49989.20,EATING_OUT,
09/09/2024,The Goodwood Shop,THE GOODWOOD SHOP,GOOGLE PAY,-137.70,49851.50,SHOPPING,
09/09/2024,Rejabean,Zettle_*REJABEAN LTD,APPLE PAY,-28.00,49823.50,SHOPPING,
09/09/2024,Civil War Sutl,Zettle_*Civil War Sutl,APPLE PAY,-11.50,49812.00,SHOPPING,
09/09/2024,Ocado,OCADO                 ,ONLINE PAYMENT,-143.87,49668.13,GROCERIES,
10/09/2024,Places For People Leisure ,54561456A,DIRECT DEBIT,-49.00,49619.13,GENERAL,
10/09/2024,Amazon,WWW.AMAZON.* 0C9U46FZ5,ONLINE PAYMENT,-6.00,49613.13,SHOPPING,
10/09/2024,Sustainaclean,SUSTAINACLEAN,ONLINE PAYMENT,-105.60,49507.53,BILLS_AND_SERVICES,
10/09/2024,Boots,BOOTS SERVICES,ONLINE PAYMENT,-21.95,49485.58,GENERAL,
10/09/2024,Starbucks Hickstead,STARBUCKS HICKSTEAD,GOOGLE PAY,-4.20,49481.38,GROCERIES,
11/09/2024,giffgaff,giffgaff,CARD SUBSCRIPTION,-25.00,49456.38,BILLS_AND_SERVICES,
11/09/2024,Tesco,TESCO STORES 2163,APPLE PAY,-40.17,49416.21,GROCERIES,
11/09/2024,Apple App Store,APPLE.COM/BILL,CARD SUBSCRIPTION,-12.99,49403.22,ENTERTAINMENT,
11/09/2024,Coffee Zone Burgess,COFFEE ZONE BURGESS HI,GOOGLE PAY,-2.90,49400.32,EATING_OUT,
11/09/2024,Amazon Marketplace,AMZNMktplace*BJ75Y41R5,ONLINE PAYMENT,-39.98,49360.34,SHOPPING,
12/09/2024,Amazon Eu,Amazon.co.uk*IC5B08OI5,ONLINE PAYMENT,-57.48,49302.86,SHOPPING,
12/09/2024,Amazon,AMAZON* SF0Q57YM5,ONLINE PAYMENT,-4.19,49298.67,SHOPPING,
13/09/2024,Amazon,AMAZON* TN85A1DK4,ONLINE PAYMENT,-6.99,49291.68,SHOPPING,
13/09/2024,giffgaff,giffgaff,CARD SUBSCRIPTION,-10.00,49281.68,BILLS_AND_SERVICES,
13/09/2024,Tesco Petrol,TESCO PFS 3983,APPLE PAY,-99.40,49182.28,FUEL,
13/09/2024,Places For People Leisure ,54425808A,DIRECT DEBIT,-79.00,49103.28,GENERAL,
13/09/2024,McDonald's,MCDONALDS,APPLE PAY,-8.13,49095.15,EATING_OUT,
13/09/2024,Coffee Zone Burgess,COFFEE ZONE BURGESS HI,GOOGLE PAY,-2.90,49092.25,EATING_OUT,
13/09/2024,Sustainaclean,SUSTAINACLEAN,ONLINE PAYMENT,-52.80,49039.45,BILLS_AND_SERVICES,
14/09/2024,Hawthorn Veterinary,HAWTHORN VETERINARY   ,APPLE PAY,-127.34,48912.11,BILLS_AND_SERVICES,
14/09/2024,Horsham District Council,HORSHAM DISTRICT COUNC,APPLE PAY,-0.80,48911.31,TRANSPORT,
14/09/2024,Amazon Marketplace,AMZNMktplace*DA77H8965,ONLINE PAYMENT,-49.65,48861.66,SHOPPING,
14/09/2024,Starbucks Hickstead,STARBUCKS HICKSTEAD,GOOGLE PAY,-7.25,48854.41,GROCERIES,
14/09/2024,McDonald's,MCDONALDS,APPLE PAY,-9.35,48845.06,EATING_OUT,
14/09/2024,Amazon,AMAZON* 3Y1KB8VM5,ONLINE PAYMENT,-41.99,48803.07,SHOPPING,
15/09/2024,Amazon,AMAZON* UU1YO62T5,ONLINE PAYMENT,-20.41,48782.66,SHOPPING,
15/09/2024,Amazon,WWW.AMAZON.* IU1OJ30Z5,ONLINE PAYMENT,-3.75,48778.91,SHOPPING,
15/09/2024,Orchard Pharm,ORCHARD PHARM LTD,GOOGLE PAY,-9.90,48769.01,GENERAL,
15/09/2024,Sumup *the Vintage Mu,SumUp  *La Boulangerie,GOOGLE PAY,-12.17,48756.84,SHOPPING,
15/09/2024,Sainsbury's,SAINSBURYS S/MKTS,GOOGLE PAY,-39.99,48716.85,GROCERIES,
16/09/2024,Bps Re Easy Direct Debits,MND005WZKJFMKN,DIRECT DEBIT,-23.00,48693.85,GENERAL,
16/09/2024,Amazon,AMAZON* FG2OB1EO5,ONLINE PAYMENT,-3.79,48690.06,SHOPPING,
16/09/2024,Amazon Eu,Amazon.co.uk*K85Z97CG5,CARD SUBSCRIPTION,-11.84,48678.22,SHOPPING,
16/09/2024,giffgaff,giffgaff,ONLINE PAYMENT,-20.00,48658.22,BILLS_AND_SERVICES,
16/09/2024,The Triangle,THE TRIANGLE,APPLE PAY,-8.90,48649.32,EATING_OUT,
16/09/2024,The Triangle,THE TRIANGLE,APPLE PAY,-25.99,48623.33,EATING_OUT,
16/09/2024,The Triangle,THE TRIANGLE,APPLE PAY,-22.00,48601.33,LIFESTYLE,
16/09/2024,The Triangle,THE TRIANGLE,APPLE PAY,-33.00,48568.33,LIFESTYLE,
16/09/2024,Ocado,OCADO                 ,ONLINE PAYMENT,-102.21,48466.12,GROCERIES,
16/09/2024,Simplycook,SimplyCook,CARD SUBSCRIPTION,-11.78,48454.34,GROCERIES,
17/09/2024,Viasat Inc.,"ViaSat, Inc.",ONLINE PAYMENT,-18.99,48435.35,BILLS_AND_SERVICES,
17/09/2024,Sustainaclean,SUSTAINACLEAN,ONLINE PAYMENT,-105.60,48329.75,BILLS_AND_SERVICES,
17/09/2024,Amazon Marketplace,AMZNMktplace*Z99906XG5,ONLINE PAYMENT,-52.95,48276.80,SHOPPING,
17/09/2024,WH Smith,WH Smith Heathrow T3,GOOGLE PAY,-6.77,48270.03,SHOPPING,
17/09/2024,Heathrow Express,WWW.HEATHROWEXPRESS.CO,ONLINE PAYMENT,-25.00,48245.03,TRANSPORT,
18/09/2024,Co-op Food,CO-OP GROUP FOOD,APPLE PAY,-16.95,48228.08,GROCERIES,
18/09/2024,McDonald's,MCDONALDS,APPLE PAY,-9.23,48218.85,EATING_OUT,
18/09/2024,Curve,CRV*SKIN + ME LONDON G,ONLINE PAYMENT,-29.99,48188.86,LIFESTYLE,
18/09/2024,TfL,TFL TRAVEL CH,GOOGLE PAY,-6.70,48182.16,TRANSPORT,
19/09/2024,Ultimate Autocare Limi,ULTIMATE AUTOCARE LIMI,CARD PAYMENT,-665.12,47517.04,GENERAL,
19/09/2024,Amazon,AMAZON* 3Y1KB8VM5,ONLINE PAYMENT,41.99,47559.03,SHOPPING,
19/09/2024,Amazon,amazon.co.uk*T60TS9QO4,ONLINE PAYMENT,-11.99,47547.04,SHOPPING,
19/09/2024,Co-op Food,CO-OP GROUP FOOD,APPLE PAY,-18.85,47528.19,GROCERIES,
19/09/2024,Curve,CRV*APPLE.COM BILL APP,ONLINE PAYMENT,-0.99,47527.20,SHOPPING,
19/09/2024,Tails,TAILS.COM,CARD SUBSCRIPTION,-242.14,47285.06,GROCERIES,
19/09/2024,Applecare,APPLECARE UK,CARD SUBSCRIPTION,-8.99,47276.07,SHOPPING,
20/09/2024,Barclays Partner Finance,300 0120 733039747,DIRECT DEBIT,-49.95,47226.12,BILLS_AND_SERVICES,
20/09/2024,Amazon,WWW.AMAZON.* T66AP3SG4,ONLINE PAYMENT,-264.99,46961.13,SHOPPING,
20/09/2024,Greggs,GREGGS PLC,APPLE PAY,-7.40,46953.73,EATING_OUT,
20/09/2024,Kids Stuff Market,KIDS STUFF LTD MARKET,APPLE PAY,-34.98,46918.75,SHOPPING,
20/09/2024,Amazon,WWW.AMAZON.* T66A74754,ONLINE PAYMENT,-59.97,46858.78,SHOPPING,
20/09/2024,Smol,SMOL LIMITED,CARD SUBSCRIPTION,-5.80,46852.98,SHOPPING,
20/09/2024,Sustainaclean,SUSTAINACLEAN,ONLINE PAYMENT,-52.80,46800.18,BILLS_AND_SERVICES,
21/09/2024,Google,GOOGLE *YouTubePremium,ONLINE PAYMENT,-17.48,46782.70,SHOPPING,
21/09/2024,Amazon,amazon.co.uk*T63N38RX4,ONLINE PAYMENT,-4.99,46777.71,SHOPPING,
21/09/2024,Amazon,amazon.co.uk*T661L0RP4,ONLINE PAYMENT,-8.99,46768.72,SHOPPING,
21/09/2024,Park View Kios,Zettle_*Park view kios,APPLE PAY,-7.70,46761.02,EATING_OUT,
21/09/2024,Co-op Food,CO-OP GROUP FOOD,APPLE PAY,-13.00,46748.02,GROCERIES,
21/09/2024,Amazon,amazon.co.uk*T682M2YB4,ONLINE PAYMENT,-3.99,46744.03,SHOPPING,
22/09/2024,Toms Food,TOMS FOOD,APPLE PAY,-17.80,46726.23,EATING_OUT,
22/09/2024,Amazon,AMAZON* TH0W04FP4,ONLINE PAYMENT,-6.47,46719.76,SHOPPING,
22/09/2024,Amazon,amazon.co.uk*TH2U46F34,ONLINE PAYMENT,-4.99,46714.77,SHOPPING,
22/09/2024,Amazon,amazon.co.uk*TH5MB4FM4,ONLINE PAYMENT,-5.49,46709.28,SHOPPING,
22/09/2024,S&b Poutine,SQ *S&B POUTINE,APPLE PAY,-2.00,46707.28,EATING_OUT,
23/09/2024,Bps Re Easy Direct Debits,MND005WZKJFMKN,DIRECT DEBIT,-20.00,46687.28,GENERAL,
23/09/2024,Nando's,NANDOS.CO.UK,ONLINE PAYMENT,-39.60,46647.68,EATING_OUT,
23/09/2024,Weird Fish,Weird Fish - Horsham,APPLE PAY,-55.00,46592.68,SHOPPING,
23/09/2024,Toy Barnhaus Horsham,Toy Barnhaus Horsham,GOOGLE PAY,-6.49,46586.19,SHOPPING,
23/09/2024,D,Zettle_*D   S Morreale,APPLE PAY,-6.00,46580.19,EATING_OUT,
23/09/2024,Smiggle,SMIGGLE,GOOGLE PAY,-44.00,46536.19,BILLS_AND_SERVICES,
23/09/2024,Waterstones,WATERSTONES,APPLE PAY,-44.23,46491.96,SHOPPING,
23/09/2024,Spartan Race U,Zettle_*Spartan Race U,GOOGLE PAY,-15.00,46476.96,LIFESTYLE,
23/09/2024,WH Smith,WH Smith Horsham,GOOGLE PAY,-29.99,46446.97,SHOPPING,
23/09/2024,Motionway Limited,3191,FASTER PAYMENT,-930.00,45516.97,PAYMENTS,
23/09/2024,Ocado,OCADO                 ,ONLINE PAYMENT,-115.10,45401.87,GROCERIES,
23/09/2024,Horsham District Counc,HORSHAM DISTRICT COUNC,ONLINE PAYMENT,-1.70,45400.17,BILLS_AND_SERVICES,
24/09/2024,Cowfold Medical Group,COWFOLD MEDICAL GROUP,GOOGLE PAY,-9.90,45390.27,BILLS_AND_SERVICES,
24/09/2024,Bupa Dental Care,BUPA DENTAL CARE,GOOGLE PAY,-149.00,45241.27,BILLS_AND_SERVICES,
24/09/2024,Sustainaclean,SUSTAINACLEAN,ONLINE PAYMENT,-105.60,45135.67,BILLS_AND_SERVICES,
24/09/2024,Starbucks,STARBUCKS,GOOGLE PAY,-3.60,45132.07,EATING_OUT,
25/09/2024,Amazon Marketplace,AMZNMktplace*TH4VC4V64,ONLINE PAYMENT,-45.88,45086.19,SHOPPING,
25/09/2024,Etsy,Etsy.com*Multiple Shop,ONLINE PAYMENT,-54.49,45031.70,SHOPPING,
25/09/2024,Boots,BOOTS SERVICES,ONLINE PAYMENT,21.95,45053.65,GENERAL,
25/09/2024,Boots,BOOTS 0885,GOOGLE PAY,-41.60,45012.05,GENERAL,
25/09/2024,Tesco,TESCO STORES 2163,GOOGLE PAY,-9.10,45002.95,GROCERIES,
25/09/2024,Amazon Marketplace,AMZNMktplace*TH16015Q4,ONLINE PAYMENT,-9.99,44992.96,SHOPPING,
25/09/2024,Horsham Service Statio,HORSHAM SERVICE STATIO,APPLE PAY,-3.00,44989.96,TRANSPORT,
25/09/2024,Mayberry Garden Centre,Old Barn Garden Centre,APPLE PAY,-64.97,44924.99,GENERAL,
25/09/2024,Co-op Food,CO-OP GROUP FOOD,APPLE PAY,-18.85,44906.14,GROCERIES,
25/09/2024,Coffee Zone Burgess,COFFEE ZONE BURGESS HI,GOOGLE PAY,-2.90,44903.24,EATING_OUT,
25/09/2024,Netflix,Netflix,CARD SUBSCRIPTION,-17.99,44885.25,BILLS_AND_SERVICES,
25/09/2024,Schoolblazer,SCHOOLBLAZER LTD,ONLINE PAYMENT,-40.49,44844.76,SHOPPING,
25/09/2024,McDonald's,MCDONALDS,APPLE PAY,-9.23,44835.53,EATING_OUT,
26/09/2024,Places For People Leisure ,54578485A,DIRECT DEBIT,-3.00,44832.53,GENERAL,
26/09/2024,JustPark,JUSTPARK,ONLINE PAYMENT,-16.94,44815.59,TRANSPORT,
26/09/2024,Stephen Couratier,Refull,TRANSFER,-2250.00,42565.59,PAYMENTS,
26/09/2024,B&Q,B & Q 1212,APPLE PAY,-160.50,42405.09,SHOPPING,
26/09/2024,Amazon,AMAZON* TH41G42R4,CARD SUBSCRIPTION,-7.47,42397.62,SHOPPING,
26/09/2024,Amazon,AMAZON* TH6196254,CARD SUBSCRIPTION,-20.89,42376.73,SHOPPING,
26/09/2024,Amazon Marketplace,AMZNMktplace*TH95F22P4,ONLINE PAYMENT,-27.98,42348.75,SHOPPING,
26/09/2024,School Photography Co,SCHOOL PHOTOGRAPHY CO,ONLINE PAYMENT,-68.19,42280.56,SHOPPING,
27/09/2024,Curve,CRV*WWW.AMAZON.UK.CO +,ONLINE PAYMENT,-11.59,42268.97,SHOPPING,
27/09/2024,Tesco Burgess Hill,TESCO BURGESS HILL,GOOGLE PAY,-6.10,42262.87,EATING_OUT,
27/09/2024,Tesco,TESCO STORES 2163,GOOGLE PAY,-12.88,42249.99,GROCERIES,
27/09/2024,Tesco,TESCO STORES 2163,GOOGLE PAY,-16.00,42233.99,GROCERIES,
27/09/2024,Tesco,TESCO STORES 2163,GOOGLE PAY,-27.10,42206.89,GROCERIES,
27/09/2024,Amazon,AMAZON* TH2JS69S4,ONLINE PAYMENT,-5.99,42200.90,SHOPPING,
27/09/2024,CSS Activities Limited,INV-3425,FASTER PAYMENT,-267.00,41933.90,PAYMENTS,
27/09/2024,Twinpay,TWINPAY               ,APPLE PAY,-1.10,41932.80,TRANSPORT,
27/09/2024,Co-op Food,CO-OP GROUP FOOD,APPLE PAY,-4.45,41928.35,GROCERIES,
27/09/2024,Domino's Pizza,Domino s Pizza,ONLINE PAYMENT,-45.34,41883.01,EATING_OUT,
27/09/2024,Channel 4,CHANNEL 4,CARD SUBSCRIPTION,-3.99,41879.02,BILLS_AND_SERVICES,
27/09/2024,Sustainaclean,SUSTAINACLEAN,ONLINE PAYMENT,-52.80,41826.22,BILLS_AND_SERVICES,
28/09/2024,Amazon,WWW.AMAZON.* TH88Z1YA4,CARD SUBSCRIPTION,-10.79,41815.43,SHOPPING,
28/09/2024,Amazon Marketplace,AMZNMktplace*TH6RN4YW4,ONLINE PAYMENT,-15.49,41799.94,SHOPPING,
28/09/2024,Curve,CRV*WWW.AMAZON.UK.CO +,ONLINE PAYMENT,-11.37,41788.57,SHOPPING,
28/09/2024,Curve,CRV*WWW.AMAZON.UK.CO +,ONLINE PAYMENT,-9.76,41778.81,SHOPPING,
28/09/2024,Tesco,TESCO STORES 2163,GOOGLE PAY,-10.90,41767.91,GROCERIES,
28/09/2024,Martin Butler,September ,FASTER PAYMENT,-198.00,41569.91,PETS,
28/09/2024,Ashleigh Rich,Oct couratier,FASTER PAYMENT,-400.00,41169.91,PAYMENTS,
28/09/2024,Starbucks Hickstead,STARBUCKS HICKSTEAD,GOOGLE PAY,-3.05,41166.86,GROCERIES,
28/09/2024,McDonald's,MCDONALDS,APPLE PAY,-1.69,41165.17,EATING_OUT,
28/09/2024,McDonald's,MCDONALDS,APPLE PAY,-14.97,41150.20,EATING_OUT,
29/09/2024,Dunelm F0065,Dunelm F0065,GOOGLE PAY,-60.00,41090.20,GENERAL,
29/09/2024,Hart Country Li,HART COUNTRY STORES LI,GOOGLE PAY,-3.70,41086.50,GROCERIES,
29/09/2024,Sumup *the Vintage Mu,SumUp  *La Boulangerie,GOOGLE PAY,-2.99,41083.51,SHOPPING,
29/09/2024,The Works,THEWORKS.CO.UK,GOOGLE PAY,-17.00,41066.51,GROCERIES,
29/09/2024,Sainsbury's,SAINSBURYS S/MKTS,GOOGLE PAY,-37.75,41028.76,GROCERIES,
29/09/2024,Southern Railway,ON TRACK - SOUTHERN RA,CARD SUBSCRIPTION,-18.50,41010.26,TRANSPORT,
29/09/2024,RingGo Parking,RINGGO PARKING,GOOGLE PAY,-1.50,41008.76,TRANSPORT,
30/09/2024,Octopus Energy,A-E501D93A-002,DIRECT DEBIT,-250.00,40758.76,BILLS_AND_SERVICES,
30/09/2024,GoCardless,VBDANCE-M8ZB6MFG35,DIRECT DEBIT,-59.40,40699.36,PAYMENTS,
30/09/2024,BT,GB26676055,DIRECT DEBIT,-81.65,40617.71,BILLS_AND_SERVICES,
30/09/2024,Amazon,AMAZON* TA38L7A44,ONLINE PAYMENT,-34.99,40582.72,SHOPPING,
30/09/2024,Amazon,AMAZON* TA8402AO4,ONLINE PAYMENT,-126.78,40455.94,SHOPPING,
30/09/2024,Katkin Club,KATKIN CLUB,CARD SUBSCRIPTION,-38.99,40416.95,GENERAL,
30/09/2024,Amazon,amazon.co.uk*TA7HC1TW4,ONLINE PAYMENT,-6.99,40409.96,SHOPPING,
30/09/2024,The Triangle,THE TRIANGLE,APPLE PAY,-20.99,40388.97,EATING_OUT,
30/09/2024,The Triangle,THE TRIANGLE,APPLE PAY,-11.00,40377.97,LIFESTYLE,
30/09/2024,Ocado,OCADO                 ,ONLINE PAYMENT,-78.34,40299.63,GROCERIES,
01/10/2024,Starling Bank,September Interest Earned,DEPOSIT INTEREST,13.11,40312.74,INCOME,
01/10/2024,Horsham District Council,12873556,DIRECT DEBIT,-268.00,40044.74,TRANSPORT,
01/10/2024,Bps Re Peoplesfundraising,1698316166225,DIRECT DEBIT,-10.00,40034.74,GENERAL,
01/10/2024,Napo,MW43CMW,DIRECT DEBIT,-48.75,39985.99,GENERAL,
01/10/2024,Napo,MW43CMW,DIRECT DEBIT,-59.68,39926.31,GENERAL,
01/10/2024,Phc,19335 COURATIER,DIRECT DEBIT,-8.99,39917.32,GENERAL,
01/10/2024,PQA Academy,HAYW353036,DIRECT DEBIT,-46.00,39871.32,GENERAL,
01/10/2024,Lloyds Bank,HAP604762678,DIRECT DEBIT,-103.52,39767.80,BILLS_AND_SERVICES,
01/10/2024,Burgess Hill School For Girls Com,COU001,DIRECT DEBIT,-1223.21,38544.59,NONE,
01/10/2024,Pristine Gardenz Ltd,3997,FASTER PAYMENT,-311.52,38233.07,PAYMENTS,
01/10/2024,Sustainaclean,SUSTAINACLEAN,ONLINE PAYMENT,-105.60,38127.47,BILLS_AND_SERVICES,
01/10/2024,Amazon Marketplace,AMZNMktplace*TA7QT7P14,ONLINE PAYMENT,-59.99,38067.48,SHOPPING,
01/10/2024,Apple App Store,APPLE.COM/BILL,CARD SUBSCRIPTION,-14.99,38052.49,ENTERTAINMENT,
01/10/2024,Apple App Store,APPLE.COM/BILL,CARD SUBSCRIPTION,-8.99,38043.50,ENTERTAINMENT,
01/10/2024,Curve,CRV*BLIZZARD ENTERTAIN,ONLINE PAYMENT,-17.99,38025.51,SHOPPING,
01/10/2024,Starbucks Hickstead,STARBUCKS HICKSTEAD,GOOGLE PAY,-8.10,38017.41,GROCERIES,
01/10/2024,Kiwico Inc.,"KiwiCo, Inc.",ONLINE PAYMENT,-26.86,37990.55,BILLS_AND_SERVICES,
01/10/2024,Amazon Marketplace,AMZNMktplace*TA7O27564,ONLINE PAYMENT,-112.87,37877.68,SHOPPING,
02/10/2024,Curve,CRV*APPLE.COM BILL,ONLINE PAYMENT,-9.99,37867.69,SHOPPING,
02/10/2024,Tesco Petrol,TESCO PFS 3983,APPLE PAY,-100.43,37767.26,FUEL,
02/10/2024,Coffee Zone Burgess,COFFEE ZONE BURGESS HI,GOOGLE PAY,-2.90,37764.36,EATING_OUT,
02/10/2024,Grind,GRIND & CO,CARD SUBSCRIPTION,-13.50,37750.86,EATING_OUT,
03/10/2024,Bupa,9593679,DIRECT CREDIT,149.00,37899.86,PAYMENTS,
03/10/2024,Curve,CRV*BLIZZARD ENTERTAIN,ONLINE PAYMENT,-19.00,37880.86,SHOPPING,
03/10/2024,Amazon,AMAZON* TA64047H4,ONLINE PAYMENT,-18.99,37861.87,SHOPPING,
03/10/2024,Amazon,amazon.co.uk,CARD SUBSCRIPTION,-9.49,37852.38,SHOPPING,
03/10/2024,Christmas Trees C,Halloween Half Term Sp,ONLINE PAYMENT,-20.00,37832.38,ENTERTAINMENT,
03/10/2024,Amazon,amazon.co.uk*TA1PM99Z4,ONLINE PAYMENT,-3.99,37828.39,SHOPPING,
03/10/2024,Amazon,amazon.co.uk*TA1I419I4,ONLINE PAYMENT,-3.99,37824.40,SHOPPING,
03/10/2024,Amazon,amazon.co.uk*TA5YL39U4,ONLINE PAYMENT,-4.99,37819.41,SHOPPING,
03/10/2024,Coffee Zone Burgess,COFFEE ZONE BURGESS HI,GOOGLE PAY,-2.90,37816.51,EATING_OUT,
03/10/2024,McDonald's,MCDONALDS,APPLE PAY,-9.23,37807.28,EATING_OUT,
04/10/2024,GoCardless,BRUCESDOGDAY-H85HM,DIRECT DEBIT,-795.60,37011.68,PAYMENTS,
04/10/2024,Amazon Marketplace,AMZNMktplace*TA0LW6R54,ONLINE PAYMENT,-12.48,36999.20,SHOPPING,
04/10/2024,Curve,CRV*GOOGLER SESSION OC,ONLINE PAYMENT,-20.00,36979.20,BILLS_AND_SERVICES,
04/10/2024,Coffee Zone Burgess,COFFEE ZONE BURGESS HI,GOOGLE PAY,-2.90,36976.30,EATING_OUT,
04/10/2024,Curve,CRV*GOOGLER SESSION OC,ONLINE PAYMENT,20.00,36996.30,BILLS_AND_SERVICES,
04/10/2024,Sustainaclean,SUSTAINACLEAN,ONLINE PAYMENT,-52.80,36943.50,BILLS_AND_SERVICES,
05/10/2024,Amazon Marketplace,AMZNMktplace*TO1EG14D4,ONLINE PAYMENT,-54.95,36888.55,SHOPPING,
05/10/2024,Amazon Marketplace,AMZNMktplace*TO8CV6ZN4,ONLINE PAYMENT,-4.99,36883.56,SHOPPING,
05/10/2024,Twinpay,TWINPAY               ,APPLE PAY,-1.10,36882.46,TRANSPORT,
05/10/2024,Waitrose,WAITROSE 123,APPLE PAY,-19.87,36862.59,GROCERIES,
05/10/2024,Greggs,GREGGS PLC,APPLE PAY,-7.20,36855.39,EATING_OUT,
05/10/2024,Greggs,GREGGS PLC,APPLE PAY,-0.10,36855.29,EATING_OUT,
05/10/2024,Tickets,TICKETS 109913539,ONLINE PAYMENT,-58.45,36796.84,ENTERTAINMENT,
05/10/2024,Tullyspyop* Tullys Pyo,TULLYSPYOP* TULLYS PYO,ONLINE PAYMENT,-33.00,36763.84,LIFESTYLE,
06/10/2024,Amazon Marketplace,AMZNMktplace*TO4OK1AK4,ONLINE PAYMENT,-27.73,36736.11,SHOPPING,
06/10/2024,Curve,CRV*TwinPay Sheffield,ONLINE PAYMENT,-1.60,36734.51,TRANSPORT,
06/10/2024,Backblaze,BACKBLAZE INC,ONLINE PAYMENT,-4.24,36730.27,BILLS_AND_SERVICES,
06/10/2024,Burgess Hill,Pets Corner S132,GOOGLE PAY,-39.98,36690.29,GENERAL,
06/10/2024,Amazon Marketplace,AMZNMktplace*TO7B16EV4,ONLINE PAYMENT,-69.99,36620.30,SHOPPING,
06/10/2024,Rosie?s Brews,Zettle_*Rosie?s Brews,GOOGLE PAY,-3.00,36617.30,EATING_OUT,
06/10/2024,Kell?s Kitchen Lim,SQ *KELL?S KITCHEN LIM,APPLE PAY,-13.50,36603.80,EATING_OUT,
07/10/2024,Awp P&c,1UK000000000285835,DIRECT DEBIT,-4.34,36599.46,GENERAL,
07/10/2024,D,Zettle_*D   S Morreale,GOOGLE PAY,-4.00,36595.46,EATING_OUT,
07/10/2024,D,Zettle_*D   S Morreale,GOOGLE PAY,-5.50,36589.96,EATING_OUT,
07/10/2024,The Jolly Hog,Zettle_*THE JOLLY HOG ,GOOGLE PAY,-13.00,36576.96,EATING_OUT,
07/10/2024,Mud Monsters Run,MUD MONSTERS RUN,ONLINE PAYMENT,-43.00,36533.96,ENTERTAINMENT,
07/10/2024,Njuko,WWW.NJUKO.COM,ONLINE PAYMENT,-25.00,36508.96,SHOPPING,
07/10/2024,Ocado,OCADO                 ,ONLINE PAYMENT,-176.04,36332.92,GROCERIES,
07/10/2024,Waitrose,WAITROSE 123,GOOGLE PAY,-5.25,36327.67,GROCERIES,
07/10/2024,Smol,SMOL LIMITED,CARD SUBSCRIPTION,-6.30,36321.37,SHOPPING,
08/10/2024,Head 2 Toe Physio,HEAD 2 TOE PHYSIO,GOOGLE PAY,-140.00,36181.37,BILLS_AND_SERVICES,
08/10/2024,Sustainaclean,SUSTAINACLEAN,ONLINE PAYMENT,-105.60,36075.77,BILLS_AND_SERVICES,
08/10/2024,Waitrose,WAITROSE 123,GOOGLE PAY,-26.75,36049.02,GROCERIES,
08/10/2024,Curve,CRV*TwinPay Sheffield,ONLINE PAYMENT,-1.10,36047.92,TRANSPORT,
08/10/2024,Smol,SMOL LIMITED,CARD SUBSCRIPTION,-5.80,36042.12,SHOPPING,
08/10/2024,McDonald's,MCDONALDS,APPLE PAY,-11.21,36030.91,EATING_OUT,
09/10/2024,Coffee Zone Burgess,COFFEE ZONE BURGESS HI,GOOGLE PAY,-2.90,36028.01,EATING_OUT,
09/10/2024,Jill Gwynn,114978/0127,FASTER PAYMENT,-196.80,35831.21,PAYMENTS,
10/10/2024,Places For People Leisure ,54561456A,DIRECT DEBIT,-49.00,35782.21,GENERAL,
10/10/2024,Amazon,AMAZON* TQ7H47F14,ONLINE PAYMENT,-16.47,35765.74,SHOPPING,
10/10/2024,Nando's,NANDOS.CO.UK,APPLE PAY,-21.40,35744.34,EATING_OUT,
10/10/2024,Amazon Marketplace,AMZNMktplace*TQ1Z074I4,ONLINE PAYMENT,-6.95,35737.39,SHOPPING,
10/10/2024,Amazon,amazon.co.uk*TQ5WB3LW4,ONLINE PAYMENT,-3.99,35733.40,SHOPPING,
10/10/2024,Grizzly's Male Hair Sa,GRIZZLY'S MALE HAIR SA,APPLE PAY,-34.70,35698.70,LIFESTYLE,
10/10/2024,Horsham District Counc,HORSHAM DISTRICT COUNC,ONLINE PAYMENT,-4.00,35694.70,BILLS_AND_SERVICES,
10/10/2024,Starbucks Hickstead,STARBUCKS HICKSTEAD,GOOGLE PAY,-5.10,35689.60,GROCERIES,
10/10/2024,Amazon,amazon.co.uk*TQ69063G4,ONLINE PAYMENT,-9.99,35679.61,SHOPPING,
11/10/2024,Amazon,AMAZON* TQ5SG8J74,ONLINE PAYMENT,-4.99,35674.62,SHOPPING,
11/10/2024,Amazon,AMAZON* TQ7UT7A94,ONLINE PAYMENT,-59.99,35614.63,SHOPPING,
11/10/2024,giffgaff,giffgaff,CARD SUBSCRIPTION,-25.00,35589.63,BILLS_AND_SERVICES,
11/10/2024,Amazon,AMAZON* TQ9CY9E74,ONLINE PAYMENT,-22.98,35566.65,SHOPPING,
11/10/2024,Sustainaclean,SUSTAINACLEAN,ONLINE PAYMENT,-52.80,35513.85,BILLS_AND_SERVICES,
11/10/2024,Amazon,amazon.co.uk*TQ4GU90V4,ONLINE PAYMENT,-7.99,35505.86,SHOPPING,
11/10/2024,Fresha Uk,Endless Hair Creations,ONLINE PAYMENT,-45.00,35460.86,ENTERTAINMENT,
11/10/2024,Petek's On The Park,Petek's on the Park,GOOGLE PAY,-3.40,35457.46,EATING_OUT,
12/10/2024,Travelex,TRAVELEX@TESCO,GOOGLE PAY,-87.64,35369.82,PAYMENTS,
12/10/2024,Apple App Store,APPLE.COM/BILL,CARD SUBSCRIPTION,-12.99,35356.83,ENTERTAINMENT,
12/10/2024,Amazon Marketplace,AMZNMktplace*TQ16M7XL4,ONLINE PAYMENT,-23.60,35333.23,SHOPPING,
12/10/2024,Amazon,amazon.co.uk*TQ7ZS2X64,ONLINE PAYMENT,-1.99,35331.24,SHOPPING,
12/10/2024,Amazon,amazon.co.uk*TQ9ZG6XU4,ONLINE PAYMENT,-0.99,35330.25,SHOPPING,
12/10/2024,Tesco,TESCO STORES 2163,GOOGLE PAY,-26.10,35304.15,GROCERIES,
12/10/2024,Treated,Treated,CARD SUBSCRIPTION,-77.95,35226.20,GENERAL,
12/10/2024,Twinpay,TWINPAY               ,APPLE PAY,-1.10,35225.10,TRANSPORT,
12/10/2024,Waitrose,WAITROSE 123,APPLE PAY,-8.50,35216.60,GROCERIES,
12/10/2024,Greggs,GREGGS PLC,APPLE PAY,-9.75,35206.85,EATING_OUT,
12/10/2024,Curve,CRV*BLIZZARD ENTERTAIN,ONLINE PAYMENT,-69.99,35136.86,SHOPPING,
12/10/2024,Rosie?s Brews,Zettle_*Rosie?s Brews,GOOGLE PAY,-3.00,35133.86,EATING_OUT,
12/10/2024,McDonald's,MCDONALDS,APPLE PAY,-5.57,35128.29,EATING_OUT,
13/10/2024,Amazon Marketplace,AMZNMktplace*TQ7401M24,ONLINE PAYMENT,-29.95,35098.34,SHOPPING,
13/10/2024,giffgaff,giffgaff,CARD SUBSCRIPTION,-10.00,35088.34,BILLS_AND_SERVICES,
13/10/2024,Bentleys Pumpkins,Bentleys Pumpkins,GOOGLE PAY,-25.00,35063.34,EATING_OUT,
13/10/2024,Sumup *confectionery Horley,SumUp  *Confectionery,GOOGLE PAY,-13.00,35050.34,LIFESTYLE,
13/10/2024,Tulleys Growing Inspir,TULLEYS GROWING INSPIR,GOOGLE PAY,-3.50,35046.84,ENTERTAINMENT,
13/10/2024,Sumup *the Vintage Mu,SumUp  *La Boulangerie,GOOGLE PAY,-5.98,35040.86,SHOPPING,
13/10/2024,Boots,"BOOTS,1400",GOOGLE PAY,-16.08,35024.78,GENERAL,
13/10/2024,Amazon,amazon.co.uk*TQ1Y96BP4,ONLINE PAYMENT,-3.99,35020.79,SHOPPING,
13/10/2024,WH Smith,WH Smith Haywards Heat,GOOGLE PAY,-48.32,34972.47,SHOPPING,
13/10/2024,Amazon Marketplace,AMZNMktplace*TQ2NE6844,ONLINE PAYMENT,-19.90,34952.57,SHOPPING,
14/10/2024,Places For People Leisure ,54425808A,DIRECT DEBIT,-60.04,34892.53,GENERAL,
14/10/2024,Amazon,WWW.AMAZON.* TQ48G2DU4,CARD SUBSCRIPTION,-8.00,34884.53,SHOPPING,
14/10/2024,Sp Theoddpods,SP WONKY COFFEE,CARD SUBSCRIPTION,-22.39,34862.14,GROCERIES,
14/10/2024,Amazon,amazon.co.uk*TQ2I72QS4,ONLINE PAYMENT,-4.99,34857.15,SHOPPING,
14/10/2024,Amazon,amazon.co.uk*TQ7FT0SJ4,ONLINE PAYMENT,-12.47,34844.68,SHOPPING,
14/10/2024,The Triangle,THE TRIANGLE,APPLE PAY,-22.59,34822.09,EATING_OUT,
14/10/2024,Ocado,OCADO                 ,ONLINE PAYMENT,-108.53,34713.56,GROCERIES,
15/10/2024,Bps Re Easy Direct Debits,MND005WZKJFMKN,DIRECT DEBIT,-20.00,34693.56,GENERAL,
15/10/2024,Sustainaclean,SUSTAINACLEAN,ONLINE PAYMENT,-105.60,34587.96,BILLS_AND_SERVICES,
15/10/2024,Tesco Burgess Hill,TESCO BURGESS HILL,GOOGLE PAY,-6.10,34581.86,EATING_OUT,
15/10/2024,Tesco,TESCO STORES 2163,GOOGLE PAY,-24.50,34557.36,GROCERIES,
15/10/2024,Tulleys Growing Inspir,TULLEYS GROWING INSPIR,APPLE PAY,-23.50,34533.86,ENTERTAINMENT,
15/10/2024,Tulleys Growing Inspir,TULLEYS GROWING INSPIR,GOOGLE PAY,-4.50,34529.36,ENTERTAINMENT,
16/10/2024,Amazon Marketplace,AMZNMktplace*T328S3FK4,ONLINE PAYMENT,-12.99,34516.37,SHOPPING,
16/10/2024,Chargepoint Network U,CHARGEPOINT NETWORK UK,GOOGLE PAY,-11.42,34504.95,GENERAL,
16/10/2024,Google,GOOGLE *Google One,ONLINE PAYMENT,-15.35,34489.60,SHOPPING,
16/10/2024,Starbucks Hickstead,STARBUCKS HICKSTEAD,GOOGLE PAY,-7.25,34482.35,GROCERIES,
17/10/2024,Horsham Service Statio,HORSHAM SERVICE STATIO,APPLE PAY,-15.79,34466.56,TRANSPORT,
17/10/2024,Horsham Service Statio,HORSHAM SERVICE STATIO,APPLE PAY,-74.80,34391.76,TRANSPORT,
17/10/2024,McDonald's,MCDONALDS,APPLE PAY,-11.52,34380.24,EATING_OUT,
17/10/2024,BP,BP BAGSHOT CONVENIENCE,GOOGLE PAY,-6.00,34374.24,TRANSPORT,
18/10/2024,Buchhandlung Herder,BUCHHANDLUNG HERDER   ,GOOGLE PAY,-4.15,34370.09,LIFESTYLE,
18/10/2024,Amazon,amazon.co.uk*T30NP81G4,ONLINE PAYMENT,-7.98,34362.11,SHOPPING,
18/10/2024,Amazon,amazon.co.uk*T30IG81B4,ONLINE PAYMENT,-3.99,34358.12,SHOPPING,
18/10/2024,Amazon,amazon.co.uk*T313E31R4,ONLINE PAYMENT,-1.99,34356.13,SHOPPING,
18/10/2024,Amazon,amazon.co.uk*T34NL41S4,ONLINE PAYMENT,-3.99,34352.14,SHOPPING,
18/10/2024,Amazon,amazon.co.uk,ONLINE PAYMENT,1.99,34354.13,SHOPPING,
18/10/2024,At Home Estate Agents Ltd,Inv-2284,FASTER PAYMENT,-1198.80,33155.33,PAYMENTS,
18/10/2024,Costa Coffee,Costa Coffee - T3,GOOGLE PAY,-4.44,33150.89,EATING_OUT,
18/10/2024,Www Dancing In The Str,WWW DANCING IN THE STR,ONLINE PAYMENT,-27.65,33123.24,SHOPPING,
18/10/2024,WH Smith,WH Smith Heathrow T3,GOOGLE PAY,-8.17,33115.07,SHOPPING,
18/10/2024,Domino's Pizza,Domino s Pizza,ONLINE PAYMENT,-44.80,33070.27,EATING_OUT,
18/10/2024,Pret A Manger,Pret A Manger,GOOGLE PAY,-4.20,33066.07,EATING_OUT,
18/10/2024,Sustainaclean,SUSTAINACLEAN,ONLINE PAYMENT,-52.80,33013.27,BILLS_AND_SERVICES,
19/10/2024,Amazon,amazon.co.uk*T324G85N4,ONLINE PAYMENT,-11.99,33001.28,SHOPPING,
19/10/2024,Boots,BOOTS 1465,APPLE PAY,-9.99,32991.29,GENERAL,
19/10/2024,Twinpay,TWINPAY               ,APPLE PAY,-1.10,32990.19,TRANSPORT,
19/10/2024,Greggs,GREGGS PLC,APPLE PAY,-1.80,32988.39,EATING_OUT,
19/10/2024,Greggs,GREGGS PLC,APPLE PAY,-4.70,32983.69,EATING_OUT,
19/10/2024,Lush Uk,Lush UK,APPLE PAY,-18.55,32965.14,LIFESTYLE,
20/10/2024,Applecare,APPLECARE UK,CARD SUBSCRIPTION,-8.99,32956.15,SHOPPING,
20/10/2024,Toy Barnhaus Crawley,Toy Barnhaus Crawley,APPLE PAY,-10.99,32945.16,SHOPPING,
20/10/2024,Curve,CRV*APPLE.COM BILL APP,ONLINE PAYMENT,-0.99,32944.17,SHOPPING,
20/10/2024,Costa Coffee,COSTA COFFEE 43010410,APPLE PAY,-22.99,32921.18,EATING_OUT,
20/10/2024,Millies Cookies,MILLIES COOKIES,APPLE PAY,-20.89,32900.29,EATING_OUT,
20/10/2024,Amazon,amazon.co.uk*T30DH0SX4,ONLINE PAYMENT,-12.99,32887.30,SHOPPING,
20/10/2024,Amazon,amazon.co.uk*T36GS4S24,ONLINE PAYMENT,-3.99,32883.31,SHOPPING,
20/10/2024,Amazon,amazon.co.uk*T39DM7SY4,ONLINE PAYMENT,-3.99,32879.32,SHOPPING,
20/10/2024,Amazon,amazon.co.uk*T38MX3SK4,ONLINE PAYMENT,-6.99,32872.33,SHOPPING,
20/10/2024,Your Parking Space,YOURPARKINGSPACE,CARD PAYMENT,-5.50,32866.83,TRANSPORT,
21/10/2024,Google,GOOGLE *YouTubePremium,ONLINE PAYMENT,-17.69,32849.14,SHOPPING,
21/10/2024,Primark,PRIMARK 685           ,APPLE PAY,-81.40,32767.74,SHOPPING,
21/10/2024,Amazon,amazon.co.uk,ONLINE PAYMENT,3.99,32771.73,SHOPPING,
21/10/2024,The Triangle,THE TRIANGLE,APPLE PAY,-29.59,32742.14,EATING_OUT,
21/10/2024,Co-op Food,CO-OP GROUP FOOD,APPLE PAY,-14.50,32727.64,GROCERIES,
21/10/2024,Tails,TAILS.COM,CARD SUBSCRIPTION,-242.14,32485.50,GROCERIES,
22/10/2024,Barclays Partner Finance,300 0120 733039747,DIRECT DEBIT,-49.95,32435.55,BILLS_AND_SERVICES,
22/10/2024,Bps Re Easy Direct Debits,MND005WZKJFMKN,DIRECT DEBIT,-20.00,32415.55,GENERAL,
22/10/2024,Amazon,AMAZON* TL4W76OC4,CARD SUBSCRIPTION,-35.15,32380.40,SHOPPING,
22/10/2024,Sustainaclean,SUSTAINACLEAN,ONLINE PAYMENT,-105.60,32274.80,BILLS_AND_SERVICES,
22/10/2024,Pret A Manger,PRET A MANGER,APPLE PAY,-39.24,32235.56,EATING_OUT,
23/10/2024,Cyprus Airports ,CYPRUS AIRPORTS XPRESS,APPLE PAY,-1.38,32234.18,SHOPPING,
23/10/2024,Gelamo Gelato-Caffe,GELAMO GELATO-CAFFE,APPLE PAY,-6.26,32227.92,EATING_OUT,
23/10/2024,Laoura Souvenir Shop,LAOURA SOUVENIR SHOP,APPLE PAY,-4.92,32223.00,SHOPPING,
23/10/2024,Laoura Souvenir Shop,LAOURA SOUVENIR SHOP,CHIP & PIN,-4.00,32219.00,SHOPPING,
23/10/2024,Laoura Souvenir Shop,LAOURA SOUVENIR SHOP,CONTACTLESS,-18.27,32200.73,SHOPPING,
24/10/2024,The Moorings Restauran Paphos,THE MOORINGS RESTAURAN,APPLE PAY,-57.40,32143.33,EATING_OUT,
24/10/2024,Da Vinci Gellato Cafe Paphos,DA VINCI GELLATO CAFE,APPLE PAY,-5.01,32138.32,EATING_OUT,
24/10/2024,Laoura Souvenir Shop,LAOURA SOUVENIR SHOP,APPLE PAY,-11.61,32126.71,SHOPPING,
24/10/2024,Laoura Souvenir Shop,LAOURA SOUVENIR SHOP,APPLE PAY,-4.09,32122.62,SHOPPING,
25/10/2024,Arapis Coral Bay Rest.,ARAPIS CORAL BAY REST.,APPLE PAY,-8.75,32113.87,EATING_OUT,
25/10/2024,Netflix,NETFLIX.COM,CARD SUBSCRIPTION,-17.99,32095.88,BILLS_AND_SERVICES,
25/10/2024,Sustainaclean,SUSTAINACLEAN,ONLINE PAYMENT,-52.80,32043.08,BILLS_AND_SERVICES,
26/10/2024,Curve,CRV*GOOGLER SESSION OC,ONLINE PAYMENT,-20.00,32023.08,BILLS_AND_SERVICES,
26/10/2024,Shell,SHELL,APPLE PAY,-12.54,32010.54,TRANSPORT,
26/10/2024,S Russell,Mac's ,FASTER PAYMENT,-20.00,31990.54,PAYMENTS,
26/10/2024,Curve,CRV*WWW.AMAZON.UK.CO,ONLINE PAYMENT,-1.89,31988.65,SHOPPING,
26/10/2024,Curve,CRV*WWW.AMAZON.UK.CO,ONLINE PAYMENT,-12.13,31976.52,SHOPPING,
26/10/2024,Amazon Marketplace,AMZNMktplace*TL78R1SP4,ONLINE PAYMENT,-22.99,31953.53,SHOPPING,
26/10/2024,Dunelm Softfurnishings,Dunelm SoftFurnishings,ONLINE PAYMENT,-68.00,31885.53,GENERAL,
27/10/2024,Amazon,WWW.AMAZON.* TL7UB99U4,CARD SUBSCRIPTION,-7.18,31878.35,SHOPPING,
27/10/2024,Smol,SMOL LIMITED,CARD SUBSCRIPTION,-5.80,31872.55,SHOPPING,
27/10/2024,800 Degrees Pizza,800 Degrees Pizza,APPLE PAY,-40.00,31832.55,EATING_OUT,
27/10/2024,Jumpin Fun,Jumpin Fun,ONLINE PAYMENT,-14.00,31818.55,LIFESTYLE,
27/10/2024,Sumup *fantastic Face,SumUp  *Fantastic face,GOOGLE PAY,-6.00,31812.55,LIFESTYLE,
27/10/2024,Caffè Ritazza,CAFE RITAZZA,APPLE PAY,-11.15,31801.40,EATING_OUT,
27/10/2024,Costa Gates,COSTA GATES,APPLE PAY,-7.72,31793.68,EATING_OUT,
27/10/2024,Ocado,OCADO                 ,ONLINE PAYMENT,-100.82,31692.86,GROCERIES,
27/10/2024,John Lewis,WWW.JOHNLEWIS.COM,ONLINE PAYMENT,-329.00,31363.86,SHOPPING,
27/10/2024,Sainsbury's,SAINSBURYS S/MKTS,GOOGLE PAY,-23.25,31340.61,GROCERIES,
27/10/2024,The Macs Farm Hassocks,THE MACS FARM LIMITED,GOOGLE PAY,-7.00,31333.61,GROCERIES,
27/10/2024,The Macs Farm Hassocks,THE MACS FARM LIMITED,GOOGLE PAY,-2.20,31331.41,GROCERIES,
27/10/2024,The Macs Farm Hassocks,THE MACS FARM LIMITED,APPLE PAY,-1.00,31330.41,GROCERIES,
27/10/2024,The Macs Farm Hassocks,THE MACS FARM LIMITED,APPLE PAY,-6.10,31324.31,GROCERIES,
27/10/2024,The Macs Farm Hassocks,THE MACS FARM LIMITED,GOOGLE PAY,-5.30,31319.01,GROCERIES,
27/10/2024,Starbucks,STARBUCKS,GOOGLE PAY,-5.15,31313.86,EATING_OUT,
27/10/2024,Amazon Marketplace,AMZNMktplace*TL96V5UV4,ONLINE PAYMENT,-39.94,31273.92,SHOPPING,
27/10/2024,Dunelm Softfurnishings,Dunelm SoftFurnishings,ONLINE PAYMENT,-160.00,31113.92,GENERAL,
27/10/2024,Jumpin Fun,Jumpin Fun,APPLE PAY,-1.10,31112.82,ENTERTAINMENT,
27/10/2024,Jumpin Fun,Jumpin Fun,APPLE PAY,-5.10,31107.72,ENTERTAINMENT,
28/10/2024,Octopus Energy,A-E501D93A-002,DIRECT DEBIT,-250.00,30857.72,BILLS_AND_SERVICES,
28/10/2024,Places For People Leisure ,54578485A,DIRECT DEBIT,-3.00,30854.72,GENERAL,
28/10/2024,Amazon,AMAZON* TL5SM2YD4,ONLINE PAYMENT,-6.89,30847.83,SHOPPING,
28/10/2024,Leonardslee Lake And G,Leonardslee Lake and,GOOGLE PAY,-2.50,30845.33,EATING_OUT,
28/10/2024,Leonardslee Lake And G,Leonardslee Lake and,GOOGLE PAY,-11.20,30834.13,EATING_OUT,
28/10/2024,Amazon Marketplace,AMZNMktplace*TR4UC0CW4,ONLINE PAYMENT,-13.99,30820.14,SHOPPING,
28/10/2024,Leonardsleegardens,WWW.LEONARDSLEEGARDENS,ONLINE PAYMENT,-40.00,30780.14,SHOPPING,
28/10/2024,B&Q,B & Q 1212,APPLE PAY,-42.00,30738.14,SHOPPING,
28/10/2024,Co-op Food,CO-OP GROUP FOOD,APPLE PAY,-9.45,30728.69,GROCERIES,
28/10/2024,Channel 4,CHANNEL 4,CARD SUBSCRIPTION,-3.99,30724.70,BILLS_AND_SERVICES,
28/10/2024,Ringgo Parking 59,RINGGO PARKING (E) 59,GOOGLE PAY,-4.80,30719.90,TRANSPORT,
28/10/2024,The Fold,SQ *THE FOLD,GOOGLE PAY,-6.60,30713.30,EATING_OUT,
29/10/2024,BT,GB26676055,DIRECT DEBIT,-81.65,30631.65,BILLS_AND_SERVICES,
29/10/2024,Cowfold Medical Group,COWFOLD MEDICAL GROUP,GOOGLE PAY,-9.90,30621.75,BILLS_AND_SERVICES,
29/10/2024,Sustainaclean,SUSTAINACLEAN,ONLINE PAYMENT,-105.60,30516.15,BILLS_AND_SERVICES,
29/10/2024,Fishers Farm Park,Fishers Farm Park,ONLINE PAYMENT,-86.00,30430.15,ENTERTAINMENT,
29/10/2024,Curve,CRV*GOOGLER SESSION OC,ONLINE PAYMENT,20.00,30450.15,BILLS_AND_SERVICES,
29/10/2024,Amazon,WWW.AMAZON.* TR24G5314,ONLINE PAYMENT,-6.00,30444.15,SHOPPING,
29/10/2024,Amazon Marketplace,AMZNMktplace*TR3ZE3J04,ONLINE PAYMENT,-90.87,30353.28,SHOPPING,
30/10/2024,GoCardless,VBDANCE-M8ZB6MFG35,DIRECT DEBIT,-49.50,30303.78,PAYMENTS,
30/10/2024,Curve,CRV*APPLE.COM BILL 080,ONLINE PAYMENT,-14.99,30288.79,SHOPPING,
30/10/2024,Curve,CRV*GTR PARKING CONNEC,ONLINE PAYMENT,-11.30,30277.49,TRANSPORT,
30/10/2024,Royal Mail Group,ROYAL MAIL GROUP LTD,ONLINE PAYMENT,-7.90,30269.59,BILLS_AND_SERVICES,
30/10/2024,Waitrose,WAITROSE 873,GOOGLE PAY,-37.46,30232.13,GROCERIES,
30/10/2024,Waitrose,WAITROSE 873,GOOGLE PAY,-1.95,30230.18,GROCERIES,
30/10/2024,McDonald's,MCDONALDS,APPLE PAY,-9.12,30221.06,EATING_OUT,
30/10/2024,Amazon,AMAZON* TR6Z46GT4,ONLINE PAYMENT,-19.84,30201.22,SHOPPING,
30/10/2024,Shurgard Uk,Shurgard UK Ltd,CARD SUBSCRIPTION,-33.90,30167.32,BILLS_AND_SERVICES,
31/10/2024,Apple App Store,APPLE.COM/BILL,CARD SUBSCRIPTION,-8.99,30158.33,ENTERTAINMENT,
31/10/2024,Amazon,AMAZON* TR35R7VJ4,ONLINE PAYMENT,-47.45,30110.88,SHOPPING,
31/10/2024,Boots,BOOTS ONLINE DOCTOR,CARD SUBSCRIPTION,-21.00,30089.88,GENERAL,
31/10/2024,Fishers Farm Park,Fishers Farm Park,ONLINE PAYMENT,-47.80,30042.08,ENTERTAINMENT,
31/10/2024,Curve,CRV*GTR PARKING CONNEC,ONLINE PAYMENT,-11.30,30030.78,TRANSPORT,
31/10/2024,Lemon & Lime Homes Ltd,Inv1,FASTER PAYMENT,-6378.00,23652.78,PAYMENTS,
31/10/2024,Ssp Uk,SSP UK LTD,GOOGLE PAY,-6.88,23645.90,EATING_OUT,
31/10/2024,Amazon,AMAZON* TR2083HX4,ONLINE PAYMENT,-8.00,23637.90,SHOPPING,
31/10/2024,Martin Butler,October 🎃,FASTER PAYMENT,-198.00,23439.90,PETS,
01/11/2024,Starling Bank,October Interest Earned,DEPOSIT INTEREST,13.55,23453.45,INCOME,
01/11/2024,Horsham District Council,12873556,DIRECT DEBIT,-268.00,23185.45,TRANSPORT,
01/11/2024,Apple App Store,APPLE.COM/BILL,CARD SUBSCRIPTION,-14.99,23170.46,ENTERTAINMENT,
01/11/2024,Burgess Hill School For Girls Com,COU001,DIRECT DEBIT,-1223.21,21947.25,NONE,
01/11/2024,Napo,MW43CMW,DIRECT DEBIT,-48.75,21898.50,GENERAL,
01/11/2024,Bps Re Peoplesfundraising,1698316166225,DIRECT DEBIT,-10.00,21888.50,GENERAL,
01/11/2024,PQA Academy,HAYW353036,DIRECT DEBIT,-46.00,21842.50,GENERAL,
01/11/2024,Napo,MW43CMW,DIRECT DEBIT,-59.68,21782.82,GENERAL,
01/11/2024,Etsy,Etsy.com*CreationCardb,ONLINE PAYMENT,-34.95,21747.87,SHOPPING,
01/11/2024,Lloyds Bank,HAP604762678,DIRECT DEBIT,-103.52,21644.35,BILLS_AND_SERVICES,
01/11/2024,Pristine Gardenz Ltd,3997,FASTER PAYMENT,-311.52,21332.83,PAYMENTS,
01/11/2024,Napo,MW43CMW,DIRECT DEBIT,-61.10,21271.73,GENERAL,
01/11/2024,Phc,19335 COURATIER,DIRECT DEBIT,-8.99,21262.74,GENERAL,
01/11/2024,Curve,CRV*GTR PARKING CONNEC,ONLINE PAYMENT,-11.30,21251.44,TRANSPORT,
01/11/2024,Boots,BOOTS 0885,GOOGLE PAY,-25.00,21226.44,GENERAL,
01/11/2024,Boots,BOOTS 0885,GOOGLE PAY,-13.39,21213.05,GENERAL,
01/11/2024,Twinpay,TWINPAY               ,APPLE PAY,-1.10,21211.95,TRANSPORT,
01/11/2024,Waitrose,WAITROSE 123,APPLE PAY,-22.85,21189.10,GROCERIES,
01/11/2024,Greggs,GREGGS PLC,APPLE PAY,-14.10,21175.00,EATING_OUT,
01/11/2024,Ssp Uk,SSP UK LTD,GOOGLE PAY,-6.88,21168.12,EATING_OUT,
01/11/2024,Kids Stuff Market,KIDS STUFF LTD MARKET,APPLE PAY,-3.99,21164.13,SHOPPING,
01/11/2024,Kiwico Inc.,"KiwiCo, Inc.",ONLINE PAYMENT,-27.94,21136.19,BILLS_AND_SERVICES,
01/11/2024,Sustainaclean,SUSTAINACLEAN,ONLINE PAYMENT,-52.80,21083.39,BILLS_AND_SERVICES,
02/11/2024,Amazon Marketplace,AMZNMktplace*TR3VS07Y4,ONLINE PAYMENT,-8.94,21074.45,SHOPPING,
02/11/2024,B&Q,B & Q 1212,APPLE PAY,-42.00,21032.45,SHOPPING,
02/11/2024,Ssp Uk,SSP UK LTD,GOOGLE PAY,-3.99,21028.46,EATING_OUT,
02/11/2024,Starbucks,STARBUCKS,GOOGLE PAY,-7.80,21020.66,EATING_OUT,
02/11/2024,Try* Seed Lancas,TRY* CUCKFIELD BONFIRE,ONLINE PAYMENT,-5.40,21015.26,ENTERTAINMENT,
02/11/2024,Try* Seed Lancas,TRY* CUCKFIELD BONFIRE,ONLINE PAYMENT,-16.05,20999.21,ENTERTAINMENT,
03/11/2024,Amazon,amazon.co.uk,CARD SUBSCRIPTION,-9.49,20989.72,SHOPPING,
03/11/2024,Cash Machine,E01633600000000,ATM,-40.00,20949.72,PAYMENTS,
03/11/2024,Favela Soul Fo,Zettle_*Favela Soul Fo,GOOGLE PAY,-7.00,20942.72,EATING_OUT,
03/11/2024,Ocado,OCADO                 ,ONLINE PAYMENT,-155.18,20787.54,GROCERIES,
03/11/2024,Co-op Food,CO-OP GROUP FOOD,APPLE PAY,-7.00,20780.54,GROCERIES,
03/11/2024,Mid Sussex Super Crea,MID SUSSEX  SUPER CREA,GOOGLE PAY,-8.00,20772.54,EATING_OUT,
04/11/2024,Amazon,AMAZON* TX9TN7LU4,ONLINE PAYMENT,-5.99,20766.55,SHOPPING,
04/11/2024,Amazon,amazon.co.uk*TX4R944X4,ONLINE PAYMENT,-4.99,20761.56,SHOPPING,
04/11/2024,Amazon,amazon.co.uk*TX8WG7LC4,ONLINE PAYMENT,-4.99,20756.57,SHOPPING,
04/11/2024,Wagamama,Wagamama Limited 174,ONLINE PAYMENT,-69.74,20686.83,EATING_OUT,
04/11/2024,The Triangle,THE TRIANGLE,APPLE PAY,-18.04,20668.79,EATING_OUT,
05/11/2024,GoCardless,BRUCESDOGDAY-H85HM,DIRECT DEBIT,-550.80,20117.99,PAYMENTS,
05/11/2024,Sustainaclean,SUSTAINACLEAN,ONLINE PAYMENT,-105.60,20012.39,BILLS_AND_SERVICES,
05/11/2024,Fishers Farm Park,Fishers Farm Park,APPLE PAY,-8.48,20003.91,ENTERTAINMENT,
05/11/2024,Sumup *fishers Farm P,SumUp  *Fishers Farm P,APPLE PAY,-8.60,19995.31,EATING_OUT,
05/11/2024,Jennifer Anne Lees,JENNIFER ANNE LEES,FASTER PAYMENT,22415.14,42410.45,INCOME,
05/11/2024,Backblaze,BACKBLAZE INC,ONLINE PAYMENT,-4.44,42406.01,BILLS_AND_SERVICES,
06/11/2024,Awp P&c,1UK000000000285835,DIRECT DEBIT,-4.34,42401.67,GENERAL,
06/11/2024,Amazon,AMAZON* TX5KL2MQ4,ONLINE PAYMENT,-45.34,42356.33,SHOPPING,
06/11/2024,Co-op Food,CO-OP GROUP FOOD,APPLE PAY,-13.90,42342.43,GROCERIES,
06/11/2024,Smol,SMOL LIMITED,CARD SUBSCRIPTION,-6.30,42336.13,SHOPPING,
07/11/2024,The Rec Rink,The Rec Rink,ONLINE PAYMENT,-27.50,42308.63,LIFESTYLE,
07/11/2024,Hawthorn Veterinary,HAWTHORN VETERINARY   ,APPLE PAY,-164.98,42143.65,BILLS_AND_SERVICES,
07/11/2024,Coffee Zone Burgess,COFFEE ZONE BURGESS HI,GOOGLE PAY,-2.90,42140.75,EATING_OUT,
07/11/2024,Ticketsource,TICKETSOURCE,ONLINE PAYMENT,-11.00,42129.75,SHOPPING,
07/11/2024,Vines Of Gatwick,VINES OF GATWICK      ,APPLE PAY,-435.84,41693.91,TRANSPORT,
07/11/2024,TfL,TFL TRAVEL CH,GOOGLE PAY,-2.80,41691.11,TRANSPORT,
07/11/2024,Five Guys,FIVE GUYS CRAWLEY,APPLE PAY,-22.25,41668.86,EATING_OUT,
07/11/2024,Renshinkankarate-Gb,RENSHINKANKARATE-GB,ONLINE PAYMENT,-40.00,41628.86,BILLS_AND_SERVICES,
07/11/2024,Renshinkankarate-Gb,RENSHINKANKARATE-GB,ONLINE PAYMENT,-34.00,41594.86,BILLS_AND_SERVICES,
08/11/2024,Vic Davis Professional,VIC DAVIS PROFESSIONAL,APPLE PAY,-35.50,41559.36,BILLS_AND_SERVICES,
08/11/2024,Amazon Marketplace,AMZNMktplace*TX2QL7UK4,ONLINE PAYMENT,-3.99,41555.37,SHOPPING,
08/11/2024,Waitrose,WAITROSE 123,APPLE PAY,-25.95,41529.42,GROCERIES,
08/11/2024,Greggs,GREGGS PLC,APPLE PAY,-15.65,41513.77,EATING_OUT,
08/11/2024,Sustainaclean,SUSTAINACLEAN,ONLINE PAYMENT,-52.80,41460.97,BILLS_AND_SERVICES,
09/11/2024,Tesco,TESCO STORES 2163,APPLE PAY,-56.64,41404.33,GROCERIES,
09/11/2024,Amazon Marketplace,AMZNMktplace*T19OM2OW4,ONLINE PAYMENT,-33.99,41370.34,SHOPPING,
09/11/2024,McDonald's,MCDONALDS,APPLE PAY,-9.13,41361.21,EATING_OUT,
09/11/2024,Wakehurst,WAKEHURST,APPLE PAY,-58.25,41302.96,ENTERTAINMENT,
09/11/2024,Starbucks Hickstead,STARBUCKS HICKSTEAD,GOOGLE PAY,-8.55,41294.41,GROCERIES,
09/11/2024,Lw Theatres Group Limi,LW Theatres,CARD PAYMENT,-9.00,41285.41,ENTERTAINMENT,
10/11/2024,Ocado,OCADO                 ,ONLINE PAYMENT,-136.44,41148.97,GROCERIES,
10/11/2024,Rosie?s Brews,Zettle_*Rosie?s Brews,GOOGLE PAY,-3.00,41145.97,EATING_OUT,
11/11/2024,Places For People Leisure ,54561456A,DIRECT DEBIT,-49.00,41096.97,GENERAL,
11/11/2024,Nando's,NANDOS.CO.UK,GOOGLE PAY,-50.90,41046.07,EATING_OUT,
11/11/2024,Nando's,NANDOS.CO.UK,GOOGLE PAY,-8.50,41037.57,EATING_OUT,
11/11/2024,Amazon,amazon.co.uk*T11MM3EI4,ONLINE PAYMENT,-3.99,41033.58,SHOPPING,
11/11/2024,Amazon,amazon.co.uk*T15WG6E04,ONLINE PAYMENT,-4.99,41028.59,SHOPPING,
11/11/2024,Amazon,amazon.co.uk*T17L40EV4,ONLINE PAYMENT,-4.99,41023.60,SHOPPING,
11/11/2024,giffgaff,giffgaff,CARD SUBSCRIPTION,-25.00,40998.60,BILLS_AND_SERVICES,
11/11/2024,The Triangle,THE TRIANGLE,APPLE PAY,-23.14,40975.46,EATING_OUT,
11/11/2024,Nyx*hollywoodbowlgroup,NYX*HollywoodBowlGroup,GOOGLE PAY,-10.00,40965.46,EATING_OUT,
11/11/2024,Nyx*hollywoodbowlgroup,NYX*HollywoodBowlGroup,GOOGLE PAY,-5.00,40960.46,EATING_OUT,
11/11/2024,Amazon,AMAZON* T10CQ70O4,ONLINE PAYMENT,-5.35,40955.11,SHOPPING,
11/11/2024,Amazon,AMAZON* T13BQ80B4,ONLINE PAYMENT,-32.31,40922.80,SHOPPING,
11/11/2024,Amazon Eu,Amazon.co.uk*T19G120L4,CARD SUBSCRIPTION,-13.45,40909.35,SHOPPING,
11/11/2024,Amazon,amazon.co.uk*T100N2EM4,ONLINE PAYMENT,-3.49,40905.86,SHOPPING,
11/11/2024,Amazon,amazon.co.uk*T130W2ET4,ONLINE PAYMENT,-0.99,40904.87,SHOPPING,
11/11/2024,Motionway Limited,3255,FASTER PAYMENT,-650.00,40254.87,PAYMENTS,
11/11/2024,Apple App Store,APPLE.COM/BILL,CARD SUBSCRIPTION,-12.99,40241.88,ENTERTAINMENT,
11/11/2024,Hollywood Bowl,HOLLYWOOD BOWL,ONLINE PAYMENT,-51.70,40190.18,LIFESTYLE,
11/11/2024,Hwb Crawley,HOLLYWOOD BOWL,GOOGLE PAY,-2.15,40188.03,ENTERTAINMENT,
11/11/2024,Lemon & Lime Homes Ltd,Inv-2802,FASTER PAYMENT,-6378.00,33810.03,PAYMENTS,
12/11/2024,Starbucks Hickstead,STARBUCKS HICKSTEAD,GOOGLE PAY,-4.20,33805.83,GROCERIES,
12/11/2024,Sustainaclean,SUSTAINACLEAN,ONLINE PAYMENT,-105.60,33700.23,BILLS_AND_SERVICES,
12/11/2024,Benington Commercial Ltd,4006,FASTER PAYMENT,-780.00,32920.23,PAYMENTS,
12/11/2024,Amazon,AMAZON* T14DT05V4,ONLINE PAYMENT,-22.49,32897.74,SHOPPING,
13/11/2024,Places For People Leisure ,54425808A,DIRECT DEBIT,-41.08,32856.66,GENERAL,
13/11/2024,giffgaff,giffgaff,CARD SUBSCRIPTION,-10.00,32846.66,BILLS_AND_SERVICES,
13/11/2024,Coffee Zone Burgess,COFFEE ZONE BURGESS HI,GOOGLE PAY,-5.10,32841.56,EATING_OUT,
13/11/2024,Smol,SMOL LIMITED,CARD SUBSCRIPTION,-5.80,32835.76,SHOPPING,
14/11/2024,McDonald's,MCDONALDS,APPLE PAY,-11.02,32824.74,EATING_OUT,
14/11/2024,Coffee Zone Burgess,COFFEE ZONE BURGESS HI,GOOGLE PAY,-5.10,32819.64,EATING_OUT,
14/11/2024,Horsham Service Statio,HORSHAM SERVICE STATIO,APPLE PAY,-90.85,32728.79,TRANSPORT,
15/11/2024,Bps Re Easy Direct Debits,MND005WZKJFMKN,DIRECT DEBIT,-20.00,32708.79,GENERAL,
15/11/2024,JustGiving,JustGiving BBCChildren,ONLINE PAYMENT,-10.25,32698.54,GENERAL,
15/11/2024,Prestige Gifting,HAU*TEFLORIST         ,ONLINE PAYMENT,-74.00,32624.54,SHOPPING,
15/11/2024,Co-op Food,CO-OP GROUP FOOD,APPLE PAY,-16.20,32608.34,GROCERIES,
15/11/2024,Coffee Zone Burgess,COFFEE ZONE BURGESS HI,GOOGLE PAY,-2.90,32605.44,EATING_OUT,
15/11/2024,Sustainaclean,SUSTAINACLEAN,ONLINE PAYMENT,-52.80,32552.64,BILLS_AND_SERVICES,
15/11/2024,The Drag-Opticon Show,UNVRS* ROYAL PAVILI...,ONLINE PAYMENT,-26.85,32525.79,ENTERTAINMENT,
15/11/2024,The Rec Rink,The Rec Rink,ONLINE PAYMENT,-45.00,32480.79,LIFESTYLE,
16/11/2024,Smiggle,SMIGGLE UK            ,ONLINE PAYMENT,-71.75,32409.04,BILLS_AND_SERVICES,
16/11/2024,Twinpay,TWINPAY               ,APPLE PAY,-1.10,32407.94,TRANSPORT,
16/11/2024,Waitrose,WAITROSE 123,APPLE PAY,-15.25,32392.69,GROCERIES,
16/11/2024,Greggs,GREGGS PLC,APPLE PAY,-4.95,32387.74,EATING_OUT,
16/11/2024,Starbucks Hickstead,STARBUCKS HICKSTEAD,GOOGLE PAY,-3.05,32384.69,GROCERIES,
16/11/2024,McDonald's,MCDONALDS,APPLE PAY,-10.62,32374.07,EATING_OUT,
16/11/2024,Fresha Uk,Endless Hair Creations,ONLINE PAYMENT,-15.00,32359.07,ENTERTAINMENT,
16/11/2024,Petek's On The Park,Petek's on the Park,GOOGLE PAY,-32.23,32326.84,EATING_OUT,
17/11/2024,Amazon,AMAZON* T921P21N4,ONLINE PAYMENT,-22.98,32303.86,SHOPPING,
17/11/2024,Ocado,OCADO                 ,ONLINE PAYMENT,-134.76,32169.10,GROCERIES,
17/11/2024,B&Q,B & Q 1212,APPLE PAY,-135.00,32034.10,SHOPPING,
17/11/2024,Co-op Food,CO-OP GROUP FOOD,APPLE PAY,-14.40,32019.70,GROCERIES,
17/11/2024,Sainsbury's,SAINSBURYS S/MKTS,GOOGLE PAY,-40.72,31978.98,GROCERIES,
17/11/2024,Starbucks,STARBUCKS,GOOGLE PAY,-3.60,31975.38,EATING_OUT,
17/11/2024,Amazon,AMAZON* T91ZT6PI4,ONLINE PAYMENT,-21.38,31954.00,SHOPPING,
18/11/2024,The Triangle,THE TRIANGLE,APPLE PAY,-28.09,31925.91,EATING_OUT,
18/11/2024,Amazon,WWW.AMAZON.* T94YB0584,ONLINE PAYMENT,-7.51,31918.40,SHOPPING,
18/11/2024,Amazon Marketplace,AMZNMktplace*T99N755H4,ONLINE PAYMENT,-5.29,31913.11,SHOPPING,
19/11/2024,Sustainaclean,SUSTAINACLEAN,ONLINE PAYMENT,-105.60,31807.51,BILLS_AND_SERVICES,
19/11/2024,Amazon,amazon.co.uk*T91CO9DZ4,ONLINE PAYMENT,-1.29,31806.22,SHOPPING,
19/11/2024,Motionway Limited,3255,FASTER PAYMENT,-162.00,31644.22,PAYMENTS,
19/11/2024,Four Seasons Fuel Ltd,425030 428958,FASTER PAYMENT,-485.15,31159.07,PAYMENTS,
19/11/2024,Co-op Food,CO-OP GROUP FOOD,APPLE PAY,-11.20,31147.87,GROCERIES,
19/11/2024,Co-op Food,CO-OP GROUP FOOD,APPLE PAY,-4.00,31143.87,GROCERIES,
19/11/2024,Amazon,AMAZON* T91WO72I4,ONLINE PAYMENT,-34.98,31108.89,SHOPPING,
19/11/2024,Starbucks Hickstead,STARBUCKS HICKSTEAD,GOOGLE PAY,-8.50,31100.39,GROCERIES,
19/11/2024,JustGiving,JustGiving FamilyActio,ONLINE PAYMENT,-10.10,31090.29,GENERAL,
20/11/2024,Barclays Partner Finance,300 0120 733039747,DIRECT DEBIT,-49.95,31040.34,BILLS_AND_SERVICES,
20/11/2024,Applecare,APPLECARE UK,CARD SUBSCRIPTION,-8.99,31031.35,SHOPPING,
20/11/2024,Coffee Zone Burgess,COFFEE ZONE BURGESS HI,GOOGLE PAY,-5.10,31026.25,EATING_OUT,
20/11/2024,Tails,TAILS.COM,CARD SUBSCRIPTION,-242.14,30784.11,GROCERIES,
20/11/2024,The Big London Bak,SQ *THE BIG LONDON BAK,GOOGLE PAY,-3.45,30780.66,GROCERIES,
20/11/2024,The Big London Bak,SQ *THE BIG LONDON BAK,ONLINE PAYMENT,-3.45,30777.21,GROCERIES,
21/11/2024,Google,GOOGLE *YouTubePremium,ONLINE PAYMENT,-18.23,30758.98,SHOPPING,
21/11/2024,Amazon Marketplace,AMZNMktplace*TE3CV3OF4,CARD SUBSCRIPTION,-15.77,30743.21,SHOPPING,
21/11/2024,Amazon,amazon.co.uk*TE40Y7F54,ONLINE PAYMENT,-2.99,30740.22,SHOPPING,
21/11/2024,Amazon,amazon.co.uk*TE72C3FU4,ONLINE PAYMENT,-3.99,30736.23,SHOPPING,
21/11/2024,TfL,TFL TRAVEL CH,GOOGLE PAY,-2.80,30733.43,TRANSPORT,
21/11/2024,McDonald's,MCDONALDS,APPLE PAY,-11.32,30722.11,EATING_OUT,
22/11/2024,Bps Re Easy Direct Debits,MND005WZKJFMKN,DIRECT DEBIT,-20.00,30702.11,GENERAL,
22/11/2024,Amazon,WWW.AMAZON.* TE7697EA4,ONLINE PAYMENT,-20.38,30681.73,SHOPPING,
22/11/2024,Sp Theoddpods,SP WONKY COFFEE,ONLINE PAYMENT,-99.96,30581.77,GROCERIES,
22/11/2024,Amazon Eu,Amazon.co.uk*TE8T25AB4,ONLINE PAYMENT,-28.99,30552.78,SHOPPING,
22/11/2024,Amazon,amazon.co.uk*TE08K5T54,ONLINE PAYMENT,-5.49,30547.29,SHOPPING,
22/11/2024,Amazon,amazon.co.uk*TE2SH6TV4,ONLINE PAYMENT,-2.99,30544.30,SHOPPING,
22/11/2024,Amazon,amazon.co.uk*TE19Y8AS4,ONLINE PAYMENT,-2.99,30541.31,SHOPPING,
22/11/2024,Amazon,amazon.co.uk*TE60O4TR4,ONLINE PAYMENT,-2.99,30538.32,SHOPPING,
22/11/2024,Shrine,SP SHRINE,ONLINE PAYMENT,-27.30,30511.02,SHOPPING,
22/11/2024,Bank Park Management L Sheffield,BANK PARK MANAGEMENT L,ONLINE PAYMENT,-60.00,30451.02,TRANSPORT,
22/11/2024,Starbucks Hickstead,STARBUCKS HICKSTEAD,GOOGLE PAY,-7.20,30443.82,GROCERIES,
22/11/2024,Sustainaclean,SUSTAINACLEAN,ONLINE PAYMENT,-52.80,30391.02,BILLS_AND_SERVICES,
23/11/2024,Amazon Marketplace,AMZNMktplace*TE0IG8G24,ONLINE PAYMENT,-15.67,30375.35,SHOPPING,
23/11/2024,Amazon Marketplace,AMZNMktplace*TE2VP5GR4,ONLINE PAYMENT,-36.84,30338.51,SHOPPING,
23/11/2024,Etsy,Etsy.com*Nexgen2go,ONLINE PAYMENT,-28.90,30309.61,SHOPPING,
23/11/2024,Boots,BOOTS 1465,APPLE PAY,-12.32,30297.29,GENERAL,
23/11/2024,Twinpay,TWINPAY               ,APPLE PAY,-1.10,30296.19,TRANSPORT,
23/11/2024,Greggs,GREGGS PLC,APPLE PAY,-7.85,30288.34,EATING_OUT,
23/11/2024,Starbucks Hickstead,STARBUCKS HICKSTEAD,GOOGLE PAY,-4.20,30284.14,GROCERIES,
24/11/2024,Places Leisure,PLACES LEISURE,ONLINE PAYMENT,-11.50,30272.64,LIFESTYLE,
24/11/2024,Nyx*hollywoodbowlgroup,NYX*HollywoodBowlGroup,APPLE PAY,-5.00,30267.64,EATING_OUT,
24/11/2024,Nyx*hollywoodbowlgroup,NYX*HollywoodBowlGroup,GOOGLE PAY,-5.00,30262.64,EATING_OUT,
24/11/2024,Nyx*hollywoodbowlgroup,NYX*HollywoodBowlGroup,APPLE PAY,-5.00,30257.64,EATING_OUT,
24/11/2024,Nyx*hollywoodbowlgroup,NYX*HollywoodBowlGroup,GOOGLE PAY,-10.00,30247.64,EATING_OUT,
24/11/2024,Nyx*hollywoodbowlgroup,NYX*HollywoodBowlGroup,APPLE PAY,-10.00,30237.64,EATING_OUT,
24/11/2024,Ocado,OCADO                 ,ONLINE PAYMENT,-155.17,30082.47,GROCERIES,
24/11/2024,Argos,WWW.ARGOS.CO.UK,ONLINE PAYMENT,-51.00,30031.47,SHOPPING,
24/11/2024,Sainsbury's,SAINSBURYS S/MKTS,GOOGLE PAY,-53.95,29977.52,GROCERIES,
24/11/2024,Sainsbury's,SAINSBURYS S/MKTS,APPLE PAY,-35.65,29941.87,GROCERIES,
24/11/2024,Hollywood Bowl,HOLLYWOOD BOWL,ONLINE PAYMENT,-51.70,29890.17,LIFESTYLE,
24/11/2024,Hwb Crawley,HOLLYWOOD BOWL,GOOGLE PAY,-2.15,29888.02,ENTERTAINMENT,
24/11/2024,Starbucks,STARBUCKS,GOOGLE PAY,-4.65,29883.37,EATING_OUT,
25/11/2024,Amazon,AMAZON* TE0XK99A4,ONLINE PAYMENT,-8.99,29874.38,SHOPPING,
25/11/2024,The Triangle,THE TRIANGLE,APPLE PAY,-23.04,29851.34,EATING_OUT,
25/11/2024,Amazon Eu,Amazon.co.uk*TE06Z5Y14,ONLINE PAYMENT,-20.91,29830.43,SHOPPING,
25/11/2024,Netflix,NETFLIX.COM,CARD SUBSCRIPTION,-17.99,29812.44,BILLS_AND_SERVICES,
26/11/2024,Places For People Leisure ,54578485A,DIRECT DEBIT,-3.00,29809.44,GENERAL,
26/11/2024,Cowfold Medical Group,COWFOLD MEDICAL GROUP,GOOGLE PAY,-9.90,29799.54,BILLS_AND_SERVICES,
26/11/2024,Amazon,AMAZON* TP6NY4N04,ONLINE PAYMENT,-37.94,29761.60,SHOPPING,
26/11/2024,Amazon,WWW.AMAZON.* TP40Q1ND4,ONLINE PAYMENT,-18.32,29743.28,SHOPPING,
26/11/2024,Sustainaclean,SUSTAINACLEAN,ONLINE PAYMENT,-105.60,29637.68,BILLS_AND_SERVICES,
26/11/2024,Amazon Marketplace,AMZNMktplace*TP1H32NY4,ONLINE PAYMENT,-64.20,29573.48,SHOPPING,
26/11/2024,Tesco Burgess Hill,TESCO BURGESS HILL,GOOGLE PAY,-6.10,29567.38,EATING_OUT,
26/11/2024,Tesco,TESCO STORES 2163,GOOGLE PAY,-96.84,29470.54,GROCERIES,
26/11/2024,Amazon Marketplace,AMZNMktplace*TP2KM73D4,ONLINE PAYMENT,-49.59,29420.95,SHOPPING,
26/11/2024,Amazon Marketplace,AMZNMktplace*TP6DH2JP4,ONLINE PAYMENT,-11.89,29409.06,SHOPPING,
26/11/2024,Amazon,AMAZON* TP4TY6A44,CARD SUBSCRIPTION,-21.99,29387.07,SHOPPING,
27/11/2024,Amazon Marketplace,AMZNMktplace*TP9G091S4,ONLINE PAYMENT,-213.37,29173.70,SHOPPING,
27/11/2024,Bhcc-Paybyphoneparking,PAYBYPHONE-1GYWXTE3IIW,ONLINE PAYMENT,-6.50,29167.20,TRANSPORT,
27/11/2024,Channel 4,CHANNEL 4,CARD SUBSCRIPTION,-3.99,29163.21,BILLS_AND_SERVICES,
28/11/2024,Octopus Energy,A-E501D93A-002,DIRECT DEBIT,-250.00,28913.21,BILLS_AND_SERVICES,
28/11/2024,Tesco,TESCO STORES 2163,APPLE PAY,-39.88,28873.33,GROCERIES,
28/11/2024,Benington Commercial Ltd,4040,FASTER PAYMENT,-780.00,28093.33,PAYMENTS,
28/11/2024,Kelly Rose Sienna Mum,onyxia,FASTER PAYMENT,-30.00,28063.33,PAYMENTS,
29/11/2024,Lemon & Lime Homes,S COURATIER REFUND,DIRECT CREDIT,1272.00,29335.33,PAYMENTS,
29/11/2024,BT,GB26676055,DIRECT DEBIT,-81.65,29253.68,BILLS_AND_SERVICES,
29/11/2024,Grind,GRIND & CO,CARD SUBSCRIPTION,-13.50,29240.18,EATING_OUT,
29/11/2024,Sustainaclean,SUSTAINACLEAN,ONLINE PAYMENT,-52.80,29187.38,BILLS_AND_SERVICES,
29/11/2024,Martin Butler,November ,FASTER PAYMENT,-222.00,28965.38,PETS,
30/11/2024,Waitrose,WAITROSE 123,APPLE PAY,-14.35,28951.03,GROCERIES,
30/11/2024,Kids Stuff Market,KIDS STUFF LTD MARKET,APPLE PAY,-45.97,28905.06,SHOPPING,
30/11/2024,Sp Theoddpods,SP WONKY COFFEE,ONLINE PAYMENT,3.75,28908.81,GROCERIES,
30/11/2024,Caffè Nero,CAFFE NERO BURGESS HIL,GOOGLE PAY,-6.60,28902.21,EATING_OUT,
30/11/2024,Amazon,amazon.co.uk*7D9Q20ET5,ONLINE PAYMENT,-2.99,28899.22,SHOPPING,
01/12/2024,Starling Bank,November Interest Earned,DEPOSIT INTEREST,13.11,28912.33,INCOME,
01/12/2024,Pristine Gardenz Ltd,3997,FASTER PAYMENT,-311.52,28600.81,PAYMENTS,
01/12/2024,Apple App Store,APPLE.COM/BILL,CARD SUBSCRIPTION,-14.99,28585.82,ENTERTAINMENT,
01/12/2024,Apple App Store,APPLE.COM/BILL,CARD SUBSCRIPTION,-8.99,28576.83,ENTERTAINMENT,
01/12/2024,Shelly Store Uk,SHELLY STORE UK,ONLINE PAYMENT,-59.93,28516.90,GENERAL,
01/12/2024,Graysons At Wakehurst,Graysons at Wakehurst,GOOGLE PAY,-25.50,28491.40,EATING_OUT,
01/12/2024,Graysons At Wakehurst,Graysons at Wakehurst,GOOGLE PAY,-4.00,28487.40,EATING_OUT,
01/12/2024,Graysons At Wakehurst,Graysons at Wakehurst,GOOGLE PAY,-11.10,28476.30,EATING_OUT,
01/12/2024,Hart Country Li,HART COUNTRY STORES LI,GOOGLE PAY,-8.25,28468.05,GROCERIES,
01/12/2024,Sumup *hey Lyla Craft,SumUp  *Hey Lyla Craft,GOOGLE PAY,-1.00,28467.05,SHOPPING,
01/12/2024,Silk And Lawn,Zettle_*Silk and Lawn ,GOOGLE PAY,-5.00,28462.05,SHOPPING,
01/12/2024,Oui Creperie,Zettle_*Oui Creperie,APPLE PAY,-10.00,28452.05,EATING_OUT,
01/12/2024,Clarkes Of Sussex,CLARKES OF SUSSEX     ,GOOGLE PAY,-53.66,28398.39,BILLS_AND_SERVICES,
01/12/2024,Sumup *brighton Girls,SumUp  *Brighton Girls,ONLINE PAYMENT,-2.00,28396.39,GENERAL,
01/12/2024,Sumup *brighton Girls,SumUp  *Brighton Girls,ONLINE PAYMENT,-1.00,28395.39,GENERAL,
01/12/2024,Sumup *brighton Girls,SumUp  *Brighton Girls,ONLINE PAYMENT,-2.00,28393.39,GENERAL,
01/12/2024,Sumup *brighton Girls,SumUp  *Brighton Girls,ONLINE PAYMENT,-2.00,28391.39,GENERAL,
01/12/2024,Sumup *brighton Girls,SumUp  *Brighton Girls,ONLINE PAYMENT,-2.00,28389.39,GENERAL,
01/12/2024,Ocado,OCADO                 ,ONLINE PAYMENT,-142.20,28247.19,GROCERIES,
01/12/2024,The Works,THEWORKS.CO.UK,GOOGLE PAY,-34.00,28213.19,GROCERIES,
01/12/2024,Claire's Accessories,CLAIRE'S ACCESSORIES,GOOGLE PAY,-23.00,28190.19,SHOPPING,
01/12/2024,Wakehurst,WAKEHURST,GOOGLE PAY,-47.99,28142.20,ENTERTAINMENT,
01/12/2024,The Entertainer,THE ENTERTAINER(135),GOOGLE PAY,-36.00,28106.20,SHOPPING,
01/12/2024,Creature Cloth,Zettle_*CREATURE CLOTH,GOOGLE PAY,-4.50,28101.70,SHOPPING,
01/12/2024,Kiwico Inc.,"KiwiCo, Inc.",ONLINE PAYMENT,-28.32,28073.38,BILLS_AND_SERVICES,
02/12/2024,Bps Re Peoplesfundraising,1698316166225,DIRECT DEBIT,-10.00,28063.38,GENERAL,
02/12/2024,Lloyds Bank,HAP604762678,DIRECT DEBIT,-103.52,27959.86,BILLS_AND_SERVICES,
02/12/2024,Napo,MW43CMW,DIRECT DEBIT,-59.68,27900.18,GENERAL,
02/12/2024,Napo,MW43CMW,DIRECT DEBIT,-61.10,27839.08,GENERAL,
02/12/2024,Phc,19335 COURATIER,DIRECT DEBIT,-8.99,27830.09,GENERAL,
02/12/2024,Horsham District Council,12873556,DIRECT DEBIT,-268.00,27562.09,TRANSPORT,
02/12/2024,Napo,MW43CMW,DIRECT DEBIT,-48.75,27513.34,GENERAL,
02/12/2024,PQA Academy,HAYW353036,DIRECT DEBIT,-46.00,27467.34,GENERAL,
02/12/2024,Smol,SMOL LIMITED,CARD SUBSCRIPTION,-5.80,27461.54,SHOPPING,
02/12/2024,The Triangle,THE TRIANGLE,APPLE PAY,-22.49,27439.05,EATING_OUT,
02/12/2024,Amazon,AMAZON* J82299LT5,ONLINE PAYMENT,-15.99,27423.06,SHOPPING,
02/12/2024,Sp Science Museum,SP SCIENCE MUSEUM,ONLINE PAYMENT,-74.78,27348.28,SHOPPING,
02/12/2024,Pqa,PQA LTD,ONLINE PAYMENT,-24.94,27323.34,BILLS_AND_SERVICES,
02/12/2024,Amazon Marketplace,AMZNMktplace*J05E48945,ONLINE PAYMENT,-119.93,27203.41,SHOPPING,
02/12/2024,Bhcc-Paybyphoneparking,PAYBYPHONE-2PTHTY0K2ZS,ONLINE PAYMENT,-10.00,27193.41,TRANSPORT,
02/12/2024,Ocado,OCADO                 ,ONLINE PAYMENT,1.00,27194.41,GROCERIES,
02/12/2024,Co-op Food,CO-OP GROUP FOOD,APPLE PAY,-11.25,27183.16,GROCERIES,
02/12/2024,Co-op Food,CO-OP GROUP FOOD,APPLE PAY,-2.30,27180.86,GROCERIES,
02/12/2024,Jennifer Anne Lees,GOOG JENNIFER ANNE,FASTER PAYMENT,22332.79,49513.65,INCOME,
03/12/2024,Amazon,AMAZON* CM9SG3HA5,ONLINE PAYMENT,-79.51,49434.14,SHOPPING,
03/12/2024,Sustainaclean,SUSTAINACLEAN,ONLINE PAYMENT,-105.60,49328.54,BILLS_AND_SERVICES,
03/12/2024,Amazon,amazon.co.uk,CARD SUBSCRIPTION,-9.49,49319.05,SHOPPING,
03/12/2024,Shurgard Uk,Shurgard UK Ltd,CARD SUBSCRIPTION,-90.00,49229.05,BILLS_AND_SERVICES,
03/12/2024,Amazon,amazon.co.uk*1W4QO1BF5,ONLINE PAYMENT,-11.97,49217.08,SHOPPING,
03/12/2024,Starbucks Hickstead,STARBUCKS HICKSTEAD,GOOGLE PAY,-8.55,49208.53,GROCERIES,
03/12/2024,Amazon,WWW.AMAZON.* 7O42463W5,ONLINE PAYMENT,-389.00,48819.53,SHOPPING,
04/12/2024,Horsham Service Statio,HORSHAM SERVICE STATIO,APPLE PAY,-92.08,48727.45,TRANSPORT,
04/12/2024,TfL,TFL TRAVEL CH,GOOGLE PAY,-2.70,48724.75,TRANSPORT,
04/12/2024,Coffee Zone Burgess,COFFEE ZONE BURGESS HI,GOOGLE PAY,-5.10,48719.65,EATING_OUT,
04/12/2024,McDonald's,MCDONALDS,APPLE PAY,-11.32,48708.33,EATING_OUT,
05/12/2024,GoCardless,BRUCESDOGDAY-H85HM,DIRECT DEBIT,-550.80,48157.53,PAYMENTS,
05/12/2024,Amazon Marketplace,AMZNMktplace*HS2IX8ZI5,ONLINE PAYMENT,-5.59,48151.94,SHOPPING,
05/12/2024,Co-op Food,CO-OP GROUP FOOD,APPLE PAY,-1.20,48150.74,GROCERIES,
05/12/2024,Coffee Zone Burgess,COFFEE ZONE BURGESS HI,GOOGLE PAY,-5.10,48145.64,EATING_OUT,
05/12/2024,Backblaze,BACKBLAZE INC,ONLINE PAYMENT,-4.39,48141.25,BILLS_AND_SERVICES,
06/12/2024,GoCardless,VBDANCE-M8ZB6MFG35,DIRECT DEBIT,-59.40,48081.85,PAYMENTS,
06/12/2024,Awp P&c,1UK000000000285835,DIRECT DEBIT,-4.34,48077.51,GENERAL,
06/12/2024,Four Seasons Fuel Ltd,311833,FASTER PAYMENT,-350.45,47727.06,PAYMENTS,
06/12/2024,Ashleigh Rich,Xmass,FASTER PAYMENT,-525.00,47202.06,PAYMENTS,
06/12/2024,Mayberry Garden Centre,Old Barn Garden Centre,APPLE PAY,-40.15,47161.91,GENERAL,
06/12/2024,Coffee Zone Burgess,COFFEE ZONE BURGESS HI,GOOGLE PAY,-5.10,47156.81,EATING_OUT,
06/12/2024,Schoolblazer,SCHOOLBLAZER LTD,ONLINE PAYMENT,-178.49,46978.32,SHOPPING,
06/12/2024,Amazon,AMAZON* LC7A209M5,ONLINE PAYMENT,-87.83,46890.49,SHOPPING,
06/12/2024,Sustainaclean,SUSTAINACLEAN,ONLINE PAYMENT,-52.80,46837.69,BILLS_AND_SERVICES,
06/12/2024,Amazon Marketplace,AMZNMktplace*3660X2U85,ONLINE PAYMENT,-31.97,46805.72,SHOPPING,
06/12/2024,Stephen Couratier,Overdraft,FASTER PAYMENT,-20.00,46785.72,PAYMENTS,
07/12/2024,Amazon,amazon.co.uk*L843C5FH5,ONLINE PAYMENT,-4.49,46781.23,SHOPPING,
07/12/2024,Twinpay,TWINPAY               ,APPLE PAY,-1.10,46780.13,TRANSPORT,
07/12/2024,Greggs,GREGGS PLC,APPLE PAY,-7.10,46773.03,EATING_OUT,
07/12/2024,E/tunnel Internet,LE SHUTTLE 1991,ONLINE PAYMENT,-662.00,46111.03,TRANSPORT,
07/12/2024,Acccessorize Brand,ACCESSORIZE BRAND,ONLINE PAYMENT,-75.00,46036.03,SHOPPING,
07/12/2024,Kids Stuff Market,KIDS STUFF LTD MARKET,APPLE PAY,-40.19,45995.84,SHOPPING,
07/12/2024,Amazon,AMAZON* G09N63WM5,ONLINE PAYMENT,-299.99,45695.85,SHOPPING,
07/12/2024,Starbucks Hickstead,STARBUCKS HICKSTEAD,GOOGLE PAY,-3.05,45692.80,GROCERIES,
07/12/2024,Screwfix,SCREWFIX DIRECT,ONLINE PAYMENT,-44.00,45648.80,GENERAL,
07/12/2024,Mnesic Coffee,SQ *MNESIC COFFEE,GOOGLE PAY,-10.75,45638.05,EATING_OUT,
08/12/2024,Amazon Marketplace,AMZNMktplace*2X0X01YF5,ONLINE PAYMENT,-6.73,45631.32,SHOPPING,
08/12/2024,Amazon,amazon.co.uk*HK1T82JU5,ONLINE PAYMENT,-7.71,45623.61,SHOPPING,
08/12/2024,Village Larder,Village Larder Washing,GOOGLE PAY,-15.59,45608.02,GROCERIES,
08/12/2024,Amazon Eu,Amazon.co.uk*Z92F214Q5,ONLINE PAYMENT,-39.96,45568.06,SHOPPING,
08/12/2024,Ocado,OCADO                 ,ONLINE PAYMENT,-132.21,45435.85,GROCERIES,
08/12/2024,Mayberry Garden Centre,Old Barn Garden Centre,GOOGLE PAY,-173.88,45261.97,GENERAL,
08/12/2024,Sainsbury's,SAINSBURYS S/MKTS,GOOGLE PAY,-93.10,45168.87,GROCERIES,
08/12/2024,Squires Garden Centre,SQUIRES GARDEN CENTRE,GOOGLE PAY,-36.97,45131.90,GENERAL,
08/12/2024,Amazon Marketplace,AMZNMktplace*VB34849A5,ONLINE PAYMENT,-8.99,45122.91,SHOPPING,
08/12/2024,McDonald's,MCDONALDS,APPLE PAY,-15.79,45107.12,EATING_OUT,
08/12/2024,Amazon Marketplace,AMZNMktplace*7Z3GU31V5,ONLINE PAYMENT,-9.99,45097.13,SHOPPING,
09/12/2024,Beattie Electrical,0310,FASTER PAYMENT,-120.00,44977.13,PAYMENTS,
09/12/2024,Cineworld,CINEWORLD             ,ONLINE PAYMENT,-44.32,44932.81,ENTERTAINMENT,
09/12/2024,Cineworld,Cineworld CRA CP,APPLE PAY,-34.80,44898.01,ENTERTAINMENT,
09/12/2024,The Triangle,THE TRIANGLE,APPLE PAY,-24.29,44873.72,EATING_OUT,
09/12/2024,Tulleysxma* Tulleys Xm,TULLEYSXMA* TULLEYS XM,ONLINE PAYMENT,-69.85,44803.87,LIFESTYLE,
10/12/2024,Places For People Leisure ,54561456A,DIRECT DEBIT,-49.00,44754.87,GENERAL,
10/12/2024,Amazon,AMAZON* OI84O0Q25,ONLINE PAYMENT,-77.32,44677.55,SHOPPING,
10/12/2024,Sustainaclean,SUSTAINACLEAN,ONLINE PAYMENT,-105.60,44571.95,BILLS_AND_SERVICES,
10/12/2024,Amazon Marketplace,AMZNMktplace*GP9LU0QK5,ONLINE PAYMENT,-20.89,44551.06,SHOPPING,
10/12/2024,Starbucks Hickstead,STARBUCKS HICKSTEAD,GOOGLE PAY,-7.30,44543.76,GROCERIES,
11/12/2024,JustGiving,JustGiving StPeterStJa,ONLINE PAYMENT,-26.50,44517.26,GENERAL,
11/12/2024,Nando's,NANDOS.CO.UK,APPLE PAY,-22.40,44494.86,EATING_OUT,
11/12/2024,Amazon,amazon.co.uk*KU97E6GV5,ONLINE PAYMENT,-9.38,44485.48,SHOPPING,
11/12/2024,Amazon,amazon.co.uk*PN6YF6IK5,ONLINE PAYMENT,-3.99,44481.49,SHOPPING,
11/12/2024,giffgaff,giffgaff,CARD SUBSCRIPTION,-25.00,44456.49,BILLS_AND_SERVICES,
11/12/2024,Waterstones,WATERSTONES,APPLE PAY,-20.25,44436.24,SHOPPING,
11/12/2024,Spray Foam Removers Limited,3130,FASTER PAYMENT,-6000.00,38436.24,PAYMENTS,
11/12/2024,Apple App Store,APPLE.COM/BILL,CARD SUBSCRIPTION,-12.99,38423.25,ENTERTAINMENT,
11/12/2024,Horsham District Counc,HORSHAM DISTRICT COUNC,ONLINE PAYMENT,-2.60,38420.65,BILLS_AND_SERVICES,
11/12/2024,Next,NEXT RETAIL LTD,APPLE PAY,-46.15,38374.50,SHOPPING,
11/12/2024,Marks & Spencer,MARKS&SPENCER PLC SACA,APPLE PAY,-6.50,38368.00,GROCERIES,
12/12/2024,Amazon,WWW.AMAZON.* TC65X1BB5,ONLINE PAYMENT,-16.97,38351.03,SHOPPING,
12/12/2024,HMV,HMV,APPLE PAY,-68.72,38282.31,LIFESTYLE,
12/12/2024,Churchill Square Shopp,CHURCHILL SQUARE PARKI,APPLE PAY,-5.50,38276.81,TRANSPORT,
12/12/2024,Coffee Zone Burgess,COFFEE ZONE BURGESS HI,GOOGLE PAY,-2.90,38273.91,EATING_OUT,
12/12/2024,Tortilla,TORTILLA BRIGHTON,APPLE PAY,-12.75,38261.16,EATING_OUT,
13/12/2024,Places For People Leisure ,54425808A,DIRECT DEBIT,-79.00,38182.16,GENERAL,
13/12/2024,giffgaff,giffgaff,CARD SUBSCRIPTION,-10.00,38172.16,BILLS_AND_SERVICES,
13/12/2024,Boots,BOOTS UK ECOMM,ONLINE PAYMENT,-51.00,38121.16,GENERAL,
13/12/2024,Coffee Zone Burgess,COFFEE ZONE BURGESS HI,GOOGLE PAY,-2.90,38118.26,EATING_OUT,
13/12/2024,Sustainaclean,SUSTAINACLEAN,ONLINE PAYMENT,-52.80,38065.46,BILLS_AND_SERVICES,
13/12/2024,Amazon Marketplace,AMZNMktplace*HM5FO2E25,ONLINE PAYMENT,-37.74,38027.72,SHOPPING,
14/12/2024,Cash Machine,ROYAL BK OF SCOTLAND,ATM,-140.00,37887.72,PAYMENTS,
14/12/2024,Amazon Marketplace,AMZNMktplace*AI1UE8935,ONLINE PAYMENT,-19.99,37867.73,SHOPPING,
14/12/2024,Tesco,TESCO STORES 2163,GOOGLE PAY,-33.22,37834.51,GROCERIES,
14/12/2024,Waterstones,WATERSTONES.COM,CARD SUBSCRIPTION,-30.00,37804.51,SHOPPING,
14/12/2024,Nhs Business Services,NHS BUSINESS SERVICES ,GOOGLE PAY,-19.80,37784.71,BILLS_AND_SERVICES,
14/12/2024,Starbucks Hickstead,STARBUCKS HICKSTEAD,GOOGLE PAY,-8.60,37776.11,GROCERIES,
14/12/2024,McDonald's,MCDONALDS,APPLE PAY,-9.26,37766.85,EATING_OUT,
14/12/2024,Amazon Marketplace,AMZNMktplace*4K7ZR6K05,ONLINE PAYMENT,-78.91,37687.94,SHOPPING,
15/12/2024,Amazon,AMAZON* 3Z9S58595,ONLINE PAYMENT,-9.98,37677.96,SHOPPING,
15/12/2024,Hart Country Li,HART COUNTRY STORES LI,GOOGLE PAY,-3.80,37674.16,GROCERIES,
15/12/2024,Cewe Boots Haywards H,CEWE  BOOTS HAYWARDS H,GOOGLE PAY,-1.65,37672.51,LIFESTYLE,
15/12/2024,The Dolphin,THE DOLPHIN,GOOGLE PAY,-4.45,37668.06,EATING_OUT,
15/12/2024,Sumup *the Vintage Mu,SumUp  *La Boulangerie,GOOGLE PAY,-4.59,37663.47,SHOPPING,
15/12/2024,Waterstones,WATERSTONES,GOOGLE PAY,-76.21,37587.26,SHOPPING,
15/12/2024,Amazon,AMAZON* AL4X64FH5,ONLINE PAYMENT,-21.95,37565.31,SHOPPING,
15/12/2024,Amazon,WWW.AMAZON.* KW14J6TC5,ONLINE PAYMENT,-7.00,37558.31,SHOPPING,
15/12/2024,Amazon,WWW.AMAZON.* VI2O80I05,ONLINE PAYMENT,-27.89,37530.42,SHOPPING,
15/12/2024,Ocado,OCADO                 ,ONLINE PAYMENT,-142.67,37387.75,GROCERIES,
15/12/2024,The Entertainer,THE ENTERTAINER(135),GOOGLE PAY,-36.00,37351.75,SHOPPING,
15/12/2024,Post Office Self Serve,POST OFFICE SELF SERVE,GOOGLE PAY,-4.95,37346.80,BILLS_AND_SERVICES,
15/12/2024,Nyx*lrs,NYX*LRS,APPLE PAY,-1.90,37344.90,EATING_OUT,
15/12/2024,Nyx*selectaukltd,NYX*SelectaUKLtd,APPLE PAY,-2.40,37342.50,EATING_OUT,
15/12/2024,Amazon Marketplace,AMZNMktplace*FK6B563X5,ONLINE PAYMENT,-8.99,37333.51,SHOPPING,
15/12/2024,Amazon Marketplace,AMZNMktplace*R24P18OQ5,ONLINE PAYMENT,-19.99,37313.52,SHOPPING,
15/12/2024,Amazon Marketplace,AMZNMktplace*8E9JZ05Q5,ONLINE PAYMENT,-24.95,37288.57,SHOPPING,
16/12/2024,Bps Re Vetsuccess,MND005WZKJFMKN,DIRECT DEBIT,-20.00,37268.57,GENERAL,
16/12/2024,Nabu Casa - Ha Cloud,NABU CASA - HA CLOUD,ONLINE PAYMENT,-65.00,37203.57,SHOPPING,
16/12/2024,Sumup Payments,SumUp **Fishers Farm P,GOOGLE PAY,-42.40,37161.17,EATING_OUT,
16/12/2024,Fishers Farm Park,Fishers Farm Park,GOOGLE PAY,-5.99,37155.18,ENTERTAINMENT,
16/12/2024,Fishers Farm Park,Fishers Farm Park,GOOGLE PAY,-12.00,37143.18,ENTERTAINMENT,
16/12/2024,Sumup *fishers Farm P,SumUp  *Fishers Farm P,GOOGLE PAY,-11.40,37131.78,EATING_OUT,
16/12/2024,Sumup *fishers Farm P,SumUp  *Fishers Farm P,GOOGLE PAY,-3.00,37128.78,EATING_OUT,
16/12/2024,Sumup *fishers Farm P,SumUp  *Fishers Farm P,APPLE PAY,-6.35,37122.43,EATING_OUT,
16/12/2024,Amazon,AMAZON* HO6T18UI5,ONLINE PAYMENT,-82.62,37039.81,SHOPPING,
17/12/2024,Amazon,WWW.AMAZON.* T08J04G35,ONLINE PAYMENT,-25.98,37013.83,SHOPPING,
17/12/2024,Sustainaclean,SUSTAINACLEAN,ONLINE PAYMENT,-105.60,36908.23,BILLS_AND_SERVICES,
17/12/2024,Clip N Climb Crawley,Clip N Climb Crawley,APPLE PAY,-3.80,36904.43,LIFESTYLE,
17/12/2024,Clip N Climb Crawley,Clip N Climb Crawley,ONLINE PAYMENT,-18.50,36885.93,LIFESTYLE,
17/12/2024,Vegan Tulleys,Vegan tulleys limited,GOOGLE PAY,-14.50,36871.43,EATING_OUT,
17/12/2024,Bentleys Pumpkins,Bentleys Pumpkins,APPLE PAY,-21.00,36850.43,EATING_OUT,
17/12/2024,Toy Barnhaus Crawley,Toy Barnhaus Crawley,APPLE PAY,-26.08,36824.35,SHOPPING,
17/12/2024,Sumup *active Simulat,SumUp  *active simulat,GOOGLE PAY,-12.00,36812.35,LIFESTYLE,
17/12/2024,Tulleys Growing Inspir,TULLEYS GROWING INSPIR,GOOGLE PAY,-3.50,36808.85,ENTERTAINMENT,
17/12/2024,Tulleys Growing Inspir,TULLEYS GROWING INSPIR,GOOGLE PAY,-14.00,36794.85,ENTERTAINMENT,
17/12/2024,Tulleys Growing Inspir,TULLEYS GROWING INSPIR,GOOGLE PAY,-23.00,36771.85,ENTERTAINMENT,
17/12/2024,Mnk*favorite Chicken,MNK*Favorite Chicken,APPLE PAY,-10.98,36760.87,EATING_OUT,
17/12/2024,County Mall Crawley Co,County Mall Crawley Co,APPLE PAY,-2.70,36758.17,TRANSPORT,
17/12/2024,Amazon Marketplace,AMZNMktplace*GT1CY4GO5,ONLINE PAYMENT,-22.18,36735.99,SHOPPING,
17/12/2024,Millies Cookies,MILLIES COOKIES,APPLE PAY,-20.89,36715.10,EATING_OUT,
18/12/2024,Muji Carnaby Street,MUJI CARNABY STREET,GOOGLE PAY,-41.80,36673.30,SHOPPING,
18/12/2024,Hamleys Regent Street,Hamleys Regent Street,APPLE PAY,-291.00,36382.30,SHOPPING,
18/12/2024,Hamleys Regent Street,Hamleys Regent Street,GOOGLE PAY,-10.00,36372.30,SHOPPING,
18/12/2024,Tesco,TESCO STORES 2675,APPLE PAY,-20.97,36351.33,GROCERIES,
18/12/2024,Txw*london Taxi,TXW*London Taxi 63764,APPLE PAY,-14.80,36336.53,TRANSPORT,
18/12/2024,Txw*london Taxi,TXW*London Taxi 79030,APPLE PAY,-12.81,36323.72,TRANSPORT,
18/12/2024,South Western Railway,TSGN SN HAYWARDS HEATH,APPLE PAY,-16.00,36307.72,TRANSPORT,
18/12/2024,Ssp Uk,SSP UK LTD,APPLE PAY,-7.47,36300.25,EATING_OUT,
18/12/2024,Gtr Parking Connect Ec,GTR PARKING CONNECT EC,ONLINE PAYMENT,-11.30,36288.95,TRANSPORT,
18/12/2024,TfL,TFL TRAVEL CH,GOOGLE PAY,-2.70,36286.25,TRANSPORT,
18/12/2024,TfL,TFL TRAVEL CH,GOOGLE PAY,-1.75,36284.50,TRANSPORT,
18/12/2024,Pret A Manger,PRET A MANGER,GOOGLE PAY,-38.84,36245.66,EATING_OUT,
19/12/2024,Tulleys Growing Inspir,TULLEYS GROWING INSPIR,GOOGLE PAY,-4.00,36241.66,ENTERTAINMENT,
19/12/2024,Tesco,TESCO STORES 2675,APPLE PAY,-28.75,36212.91,GROCERIES,
19/12/2024,Costa Coffee,43050340 COSTA COFFEE,APPLE PAY,-7.75,36205.16,EATING_OUT,
19/12/2024,Southern Railway,ON TRACK - SOUTHERN RA,CARD SUBSCRIPTION,-30.50,36174.66,TRANSPORT,
19/12/2024,Tesco Hand Car Wash,TESCO HAND CAR WASH,APPLE PAY,-70.00,36104.66,TRANSPORT,
19/12/2024,Smol,SMOL LIMITED,CARD SUBSCRIPTION,-5.80,36098.86,SHOPPING,
19/12/2024,Horsham Service Statio,HORSHAM SERVICE STATIO,APPLE PAY,-91.12,36007.74,TRANSPORT,
20/12/2024,Barclays Partner Finance,300 0120 733039747,DIRECT DEBIT,-49.95,35957.79,BILLS_AND_SERVICES,
20/12/2024,Aa Media,AA MEDIA LTD          ,APPLE PAY,-40.00,35917.79,TRANSPORT,
20/12/2024,Relay311225pv,RELAY DAILY MON       ,APPLE PAY,-8.27,35909.52,LIFESTYLE,
20/12/2024,Stephen Couratier,Od,TRANSFER,-800.00,35109.52,PAYMENTS,
20/12/2024,Euro Disney Associes,EURO DISNEY ASSOCIES,GOOGLE PAY,-82.81,35026.71,ENTERTAINMENT,
20/12/2024,WH Smith,WH Smith Eurotunnel,APPLE PAY,-16.00,35010.71,SHOPPING,
20/12/2024,WH Smith,WH Smith Eurotunnel,GOOGLE PAY,-24.98,34985.73,SHOPPING,
20/12/2024,Admiral Insurance,ADMIRAL INSURANCE,CARD SUBSCRIPTION,-1343.87,33641.86,BILLS_AND_SERVICES,
20/12/2024,Tails,TAILS.COM,CARD SUBSCRIPTION,-242.14,33399.72,GROCERIES,
20/12/2024,Sustainaclean,SUSTAINACLEAN,ONLINE PAYMENT,-52.80,33346.92,BILLS_AND_SERVICES,
21/12/2024,Brou Fraze,BROU FRAZE,GOOGLE PAY,-23.68,33323.24,BILLS_AND_SERVICES,
21/12/2024,Brou Dampierre,BROU DAMPIERRE,APPLE PAY,-9.01,33314.23,BILLS_AND_SERVICES,
21/12/2024,BP,ESSO PERCHE           ,GOOGLE PAY,-14.25,33299.98,TRANSPORT,
21/12/2024,Bp Perche,ESSO FRAZE            ,CHIP & PIN,-76.58,33223.40,TRANSPORT,
21/12/2024,Disney All Access,DISNEY ALL ACCESS,ONLINE PAYMENT,-12.42,33210.98,ENTERTAINMENT,
21/12/2024,Disney All Access,DISNEY ALL ACCESS,ONLINE PAYMENT,-22.35,33188.63,ENTERTAINMENT,
22/12/2024,Ocado,OCADO                 ,ONLINE PAYMENT,-204.01,32984.62,GROCERIES,
22/12/2024,Super U Maze,SUPER U MAZE,APPLE PAY,-148.65,32835.97,HOLIDAYS,
22/12/2024,Super U Maze,SUPER U MAZE,GOOGLE PAY,-23.76,32812.21,HOLIDAYS,
22/12/2024,Super U Maze,SUPER U MAZE,APPLE PAY,-7.48,32804.73,HOLIDAYS,
22/12/2024,Sarl Cousein C,SARL COUSEIN C        ,GOOGLE PAY,-17.79,32786.94,GENERAL,
23/12/2024,Bps Re Vetsuccess,MND005WZKJFMKN,DIRECT DEBIT,-20.00,32766.94,GENERAL,
23/12/2024,Chateau Boutique,EURO DISNEY ASSOCIES,GOOGLE PAY,-9.93,32757.01,ENTERTAINMENT,
23/12/2024,Euro Disney Associes,EURO DISNEY ASSOCIES,APPLE PAY,-15.15,32741.86,ENTERTAINMENT,
23/12/2024,Euro Disney Associes,EURO DISNEY ASSOCIES,GOOGLE PAY,-36.42,32705.44,ENTERTAINMENT,
23/12/2024,Ribbons & Bows,EURO DISNEY ASSOCIES,GOOGLE PAY,-24.83,32680.61,ENTERTAINMENT,
23/12/2024,Casa De Coco,EURO DISNEY ASSOCIES,GOOGLE PAY,-9.60,32671.01,ENTERTAINMENT,
23/12/2024,Euro Disney Associes,EURO DISNEY ASSOCIES,APPLE PAY,-18.21,32652.80,ENTERTAINMENT,
23/12/2024,Constellation,EURO DISNEY ASSOCIES,GOOGLE PAY,-4.97,32647.83,ENTERTAINMENT,
23/12/2024,Euro Disney Associes,EURO DISNEY ASSOCIES,GOOGLE PAY,-5.10,32642.73,ENTERTAINMENT,
23/12/2024,Emporium,EURO DISNEY ASSOCIES,APPLE PAY,-66.22,32576.51,ENTERTAINMENT,
23/12/2024,Star Traders,EURO DISNEY ASSOCIES,APPLE PAY,-72.60,32503.91,ENTERTAINMENT,
23/12/2024,Sir Mickey,EURO DISNEY ASSOCIES,GOOGLE PAY,-15.73,32488.18,ENTERTAINMENT,
23/12/2024,Amazon Eu,Amazon.co.uk*450587845,CARD SUBSCRIPTION,-7.96,32480.22,SHOPPING,
23/12/2024,Amazon Marketplace,AMZNMktplace*CC7VW8L85,CARD SUBSCRIPTION,-35.15,32445.07,SHOPPING,
23/12/2024,Decathlon Angers,DECATHLON ANGERS      ,GOOGLE PAY,-48.23,32396.84,LIFESTYLE,
24/12/2024,Google Youtubepremium,Google YouTubePremium,ONLINE PAYMENT,-18.38,32378.46,SHOPPING,
24/12/2024,Sustainaclean,SUSTAINACLEAN,ONLINE PAYMENT,-105.60,32272.86,BILLS_AND_SERVICES,
24/12/2024,Bowling,BOWLING,APPLE PAY,-8.07,32264.79,ENTERTAINMENT,
24/12/2024,Bowling,BOWLING,APPLE PAY,-28.94,32235.85,ENTERTAINMENT,
24/12/2024,Bowling,BOWLING,APPLE PAY,-2.74,32233.11,ENTERTAINMENT,
24/12/2024,Martin Butler,December 🎄,FASTER PAYMENT,-180.00,32053.11,PETS,
25/12/2024,Hcr37001paul5,HCR37001PAUL5         ,APPLE PAY,-10.56,32042.55,EATING_OUT,
25/12/2024,Netflix,Netflix.com,CARD SUBSCRIPTION,-17.99,32024.56,BILLS_AND_SERVICES,
26/12/2024,Totaldaltysa9,LECLERC BOSGOUET,GOOGLE PAY,-2.08,32022.48,GENERAL,
26/12/2024,Shell,SHELL 2482,GOOGLE PAY,-12.06,32010.42,FUEL,
26/12/2024,Hrc37000mcdo1,HRC37000MCDO1         ,GOOGLE PAY,-15.43,31994.99,EATING_OUT,
26/12/2024,E.Leclerc,E.LECLERC,APPLE PAY,-4.77,31990.22,TRANSPORT,
26/12/2024,E.Leclerc,E.LECLERC,CHIP & PIN,-66.71,31923.51,TRANSPORT,
26/12/2024,E.Leclerc,E.LECLERC,GOOGLE PAY,-14.51,31909.00,TRANSPORT,
27/12/2024,Places For People Leisure ,54578485A,DIRECT DEBIT,-3.00,31906.00,GENERAL,
27/12/2024,Amazon,AMAZON* UC5CS9S35,CARD SUBSCRIPTION,-17.05,31888.95,SHOPPING,
27/12/2024,Amazon,AMAZON* 3T9FE14V5,ONLINE PAYMENT,-32.39,31856.56,SHOPPING,
27/12/2024,Amazon,WWW.AMAZON.* F83ZT55N5,CARD SUBSCRIPTION,-7.20,31849.36,SHOPPING,
27/12/2024,Smiggle,SMIGGLE,GOOGLE PAY,-9.60,31839.76,BILLS_AND_SERVICES,
27/12/2024,Waterstones,WATERSTONES,APPLE PAY,-106.94,31732.82,SHOPPING,
27/12/2024,Waterstones,WATERSTONES,GOOGLE PAY,-4.70,31728.12,SHOPPING,
27/12/2024,Channel 4,CHANNEL 4,CARD SUBSCRIPTION,-3.99,31724.13,BILLS_AND_SERVICES,
27/12/2024,Horsham District Counc,HORSHAM DISTRICT COUNC,ONLINE PAYMENT,-1.70,31722.43,BILLS_AND_SERVICES,
27/12/2024,Grind,GRIND & CO,CARD SUBSCRIPTION,-13.50,31708.93,EATING_OUT,
27/12/2024,Smol,SMOL LIMITED,CARD SUBSCRIPTION,-6.30,31702.63,SHOPPING,
27/12/2024,Amazon Marketplace,AMZNMktplace*S934205J5,ONLINE PAYMENT,-16.99,31685.64,SHOPPING,
27/12/2024,Winter Wonderland,2551 Winter Wonderland,GOOGLE PAY,-7.00,31678.64,EATING_OUT,
27/12/2024,Winter Wonderland,5463 Winter Wonderland,GOOGLE PAY,-5.00,31673.64,EATING_OUT,
27/12/2024,Winter Wonderland,5201 Winter Wonderland,APPLE PAY,-4.60,31669.04,EATING_OUT,
27/12/2024,Bavarian Village,Bavarian Village 2024,APPLE PAY,-7.00,31662.04,ENTERTAINMENT,
27/12/2024,Bavarian Village,Bavarian Village 2024,GOOGLE PAY,-7.50,31654.54,ENTERTAINMENT,
28/12/2024,Amazon,AMAZON* 222XZ7995,ONLINE PAYMENT,-83.00,31571.54,SHOPPING,
28/12/2024,Amazon,WWW.AMAZON.* 671PE90L5,ONLINE PAYMENT,-34.57,31536.97,SHOPPING,
28/12/2024,Dines* Ww Coffee Stand,DINES* WW COFFEE STAND,APPLE PAY,-14.80,31522.17,EATING_OUT,
28/12/2024,Dines* Photos Grotto,DINES* PHOTOS GROTTO,GOOGLE PAY,-30.00,31492.17,EATING_OUT,
28/12/2024,Dines* Santaland Ride,DINES* SANTALAND RIDE,GOOGLE PAY,-3.00,31489.17,EATING_OUT,
28/12/2024,Dines* Forever Florist,DINES* FOREVER FLORIST,GOOGLE PAY,-12.00,31477.17,SHOPPING,
28/12/2024,Dines* Hydeprk Churros,DINES* HYDEPRK CHURROS,APPLE PAY,-8.00,31469.17,ENTERTAINMENT,
28/12/2024,Dines* Santaland Ride,DINES* SANTALAND RIDE,GOOGLE PAY,-3.00,31466.17,ENTERTAINMENT,
28/12/2024,Dines* Santaland Ride,DINES* SANTALAND RIDE,GOOGLE PAY,-10.00,31456.17,ENTERTAINMENT,
28/12/2024,Amazon Marketplace,AMZNMktplace*EE1N66AY5,ONLINE PAYMENT,-37.95,31418.22,SHOPPING,
28/12/2024,Toasted Marshmellows,Toasted Marshmellows,GOOGLE PAY,-4.00,31414.22,ENTERTAINMENT,
28/12/2024,WH Smith,WH Smith Victoria,GOOGLE PAY,-4.58,31409.64,SHOPPING,
28/12/2024,WH Smith,WH Smith Victoria,APPLE PAY,-4.78,31404.86,SHOPPING,
28/12/2024,Waitrose,WAITROSE 873,GOOGLE PAY,-18.45,31386.41,GROCERIES,
28/12/2024,South Western Railway,TSGN SN HAYWARDS HEATH,GOOGLE PAY,-16.00,31370.41,TRANSPORT,
28/12/2024,South Western Railway,TSGN SN HAYWARDS HEATH,GOOGLE PAY,-9.25,31361.16,TRANSPORT,
28/12/2024,Winter Wonderland,WINTER WONDERLAND,GOOGLE PAY,-15.00,31346.16,EATING_OUT,
28/12/2024,Winter Wonderland,WINTER WONDERLAND,GOOGLE PAY,-7.00,31339.16,EATING_OUT,
28/12/2024,Winter Wonderland,WINTER WONDERLAND,GOOGLE PAY,-10.00,31329.16,EATING_OUT,
28/12/2024,Winter Wonderland,WINTER WONDERLAND,GOOGLE PAY,-10.00,31319.16,EATING_OUT,
28/12/2024,Zippos Circus,Zippos Circus,APPLE PAY,-4.50,31314.66,LIFESTYLE,
28/12/2024,Amazon Eu,Amazon.co.uk*V60D30F65,ONLINE PAYMENT,-10.25,31304.41,SHOPPING,
28/12/2024,Puffy,PUFFY,GOOGLE PAY,-7.50,31296.91,ENTERTAINMENT,
28/12/2024,TfL,TFL TRAVEL CH,APPLE PAY,-3.50,31293.41,TRANSPORT,
28/12/2024,TfL,TFL TRAVEL CH,GOOGLE PAY,-3.50,31289.91,TRANSPORT,
28/12/2024,Horsham,SQ *HORSHAM,GOOGLE PAY,-2.00,31287.91,EATING_OUT,
28/12/2024,Horsham,SQ *HORSHAM,GOOGLE PAY,-7.00,31280.91,EATING_OUT,
28/12/2024,The Rec Rink,The Rec Rink,APPLE PAY,-5.00,31275.91,LIFESTYLE,
28/12/2024,Toy Barnhaus Horsham,Toy Barnhaus Horsham,GOOGLE PAY,-37.98,31237.93,SHOPPING,
29/12/2024,Fishers Farm Park,Fishers Farm Park,ONLINE PAYMENT,-44.85,31193.08,ENTERTAINMENT,
29/12/2024,Next,NEXT RETAIL LTD,APPLE PAY,-6.00,31187.08,SHOPPING,
29/12/2024,Smiggle,SMIGGLE,GOOGLE PAY,-12.00,31175.08,BILLS_AND_SERVICES,
29/12/2024,Boots,"BOOTS,HORSHAM",GOOGLE PAY,-8.00,31167.08,GENERAL,
29/12/2024,Boots,"BOOTS,HORSHAM",APPLE PAY,-12.25,31154.83,GENERAL,
29/12/2024,Ocado,OCADO                 ,ONLINE PAYMENT,-123.01,31031.82,GROCERIES,
30/12/2024,Octopus Energy,A-E501D93A-002,DIRECT DEBIT,-250.00,30781.82,BILLS_AND_SERVICES,
30/12/2024,Amazon,AMAZON* YH2I28915,ONLINE PAYMENT,-25.03,30756.79,SHOPPING,
30/12/2024,Blink Cats,BLINK CATS,CARD SUBSCRIPTION,-1.00,30755.79,GENERAL,
30/12/2024,Amazon Marketplace,AMZNMktplace*9K9MJ00H5,ONLINE PAYMENT,-12.99,30742.80,SHOPPING,
30/12/2024,Sumup *fishers Farm P,SumUp  *Fishers Farm P,APPLE PAY,-39.70,30703.10,EATING_OUT,
30/12/2024,Sumup *fishers Farm P,SumUp  *Fishers Farm P,APPLE PAY,-8.85,30694.25,EATING_OUT,
30/12/2024,Sumup *fishers Farm P,SumUp  *Fishers Farm P,GOOGLE PAY,-6.30,30687.95,EATING_OUT,
30/12/2024,Sumup *fishers Farm P,SumUp  *Fishers Farm P,GOOGLE PAY,-1.75,30686.20,EATING_OUT,
30/12/2024,McDonald's,MCDONALDS,APPLE PAY,-7.29,30678.91,EATING_OUT,
30/12/2024,Amazon,amazon.co.uk*H38JY0LO5,ONLINE PAYMENT,-3.99,30674.92,SHOPPING,
31/12/2024,Apple App Store,APPLE.COM/BILL,CARD SUBSCRIPTION,-8.99,30665.93,ENTERTAINMENT,
31/12/2024,Ncp,WWW.NCP.CO.UK,ONLINE PAYMENT,-4.35,30661.58,TRANSPORT,
31/12/2024,Stonegate Pub Group,STONEGATE PUB GROUP   ,GOOGLE PAY,-42.57,30619.01,ENTERTAINMENT,
31/12/2024,Co-op Food,CO-OP GROUP FOOD,GOOGLE PAY,-5.83,30613.18,GROCERIES,
